1492 2537
97 178 136 214 V
159 178 176 214 1
204 177 250 215 13
260 177 368 214 -30.
412 177 488 214 HA
502 176 646 215 VTON
680 176 741 214 TI
741 177 792 213 M
792 176 861 214 013
871 176 1101 215 VMENOS.
1237 180 1286 217 49

97 263 170 301 On.
202 262 406 300 Hahahae.
438 262 521 300 ΜΕ.
546 262 651 307 Quid
676 263 823 300 risisti?
855 263 928 302 CH.
953 262 1066 300 Serui
1084 276 1227 301 uenere
1247 265 1288 301 in

255 333 428 365 mentem
449 327 538 376 Syri

150 393 405 430 calliditates.
437 391 519 428 ΜΕ.
551 392 693 429 Itane?
723 392 796 431 CH.
820 391 969 430 Voltus
990 405 1144 443 quoque
1167 393 1289 430 homi-

256 469 351 493 num
371 455 487 504 fingit
507 456 642 492 scelus.

96 520 176 558 ΜΕ.
202 519 356 556 Gnatus
368 519 472 568 quod
485 532 524 556 se
539 519 752 556 adsimulat
765 519 925 567 laetum,
940 520 981 558 id
994 521 1110 559 dieis?
1131 521 1203 560 CH.
1229 521 1288 560 Id.

258 583 341 621 ΜΕ.
374 584 487 620 Idem
506 585 607 620 istuc
628 584 728 620 mihi

151 648 275 685 Venib
289 648 332 684 in
345 652 526 685 mentem.
561 648 634 686 CH.
653 648 874 686 Veterator.
904 649 986 689 ΜΕ.
1009 649 1150 699 Magis,
1168 650 1202 687 si
1216 663 1292 687 ma-

256 713 314 763 gis
333 714 450 759 noris,
472 717 587 762 putes

153 778 218 815 Ita
248 790 332 814 rem
361 790 452 815 esse.
488 778 562 815 CH.
591 778 676 815 Ain
703 779 768 816 tu?
796 779 879 817 ΜΕ.
908 779 1015 824 Quin
1033 783 1080 817 tu
1099 781 1288 818 ausculta.
1311 792 1361 824 890

259 842 332 879 CH.
365 842 487 879 Mane
508 842 616 889 dum,
638 843 711 898 hoc
730 843 839 892 prius
858 844 955 881 scire
976 848 1130 894 expeto,

153 907 259 952 Quid
278 907 504 956 perdideris,
539 921 632 944 nam
652 908 721 944 ubi
739 909 970 958 desponsam
989 909 1184 946 nuntia‘sbi
1199 909 1293 956 filio,

153 971 353 1009 Continuo
372 971 551 1008 iniecisse
570 972 692 1009 uerba
711 973 785 1009 tibi
805 974 1046 1010 Dromonem
1067 974 1225 1020 scilicet,

153 1038 324 1087 Sponsae
343 1042 492 1074 uestem
512 1050 653 1073 aurum
673 1041 793 1087 atque
812 1038 976 1075 ancillas
996 1051 1093 1088 opus
1109 1052 1213 1078 esse:
1238 1052 1295 1076 ar·
1330 1056 1332 1061 r

259 1106 420 1151 gentum
439 1106 486 1138 ub
505 1101 625 1140 dares,

100 1168 183 1206 ΜΕ.
228 1168 333 1205 Non.
377 1167 450 1206 CH.
483 1167 614 1212 Quid?
641 1167 746 1204 non?
785 1167 868 1205 ΜΕ.
900 1167 994 1204 Non
1012 1167 1184 1217 inquam.
1219 1167 1292 1205 CH.

260 1233 402 1282 Neque
414 1233 496 1282 ipse
508 1233 672 1282 gnatus?
700 1233 784 1270 ΜΕ.
807 1233 879 1269 Nil
892 1246 1080 1281 prorsum,
1097 1233 1293 1270 Chremes.

153 1299 285 1350 Magis
317 1312 443 1336 unum
473 1301 594 1337 etiam
626 1300 784 1346 instare,
815 1304 861 1335 ut
889 1300 1004 1336 hodie
1037 1300 1295 1337 conficiantur
1312 1315 1361 1346 895

261 1364 434 1413 nuptiae.

101 1431 175 1469 CH.
205 1430 313 1467 Mira
330 1442 477 1475 narras,
499 1430 594 1480 quid
616 1430 738 1479 Syrus
756 1430 891 1467 meus?
910 1443 958 1467 ne
973 1430 1007 1467 is
1019 1431 1178 1481 quidem
1192 1431 1296 1481 quic-

261 1508 378 1544 quam
393 1495 406 1532 [2
436 1495 517 1532 ΜΕ.
550 1495 675 1534 Nihil.

103 1560 177 1598 CH.
200 1559 329 1605 Quam
345 1560 490 1606 obrem,
506 1561 646 1598 nescio.
679 1560 763 1598 ΜΕ.
780 1560 976 1610 Equidem
991 1561 1121 1608 miror,
1139 1561 1208 1611 qui
1220 1561 1297 1598 alia

261 1629 344 1662 tam
363 1625 478 1674 plane
498 1625 604 1662 scias.

155 1690 233 1727 Sed
250 1689 318 1726 ille
336 1693 448 1726 izuom
468 1703 622 1739 quoque
639 1690 760 1739 Syrus
780 1691 884 1728 idem
903 1691 1000 1728 mire
1020 1691 1138 1728 finxit]
1157 1692 1296 1736 filium,

157 1756 221 1793 Vt
249 1770 298 1793 ne
327 1755 533 1805 paululum
559 1755 719 1804 quidem
738 1752 995 1793 subomesse
1015 1755 1181 1792 amicam
1199 1755 1299 1792 hanc

264 1819 430 1857 Cliniae.

105 1885 180 1922 Cn.
202 1884 308 1930 Quid
322 1884 400 1920 ais?
423 1883 505 1920 ΜΕ.
524 1881 648 1919 Mitto
664 1882 743 1919 iam
756 1882 922 1919 osculari
933 1885 1052 1931 atque
1067 1881 1296 1932 amplexari:
1315 1898 1370 1923 900

263 1948 305 1985 id
324 1948 380 1985 nil
400 1952 506 1997 puto.

107 2014 180 2052 CH.
211 2013 317 2059 Quid
337 2017 396 2050 est
415 2012 520 2062 quod
535 2011 705 2061 amplius
719 2011 954 2049 simuletur?
983 2011 1066 2049 ΜΕ.
1084 2011 1189 2049 Vah.
1221 2011 1295 2050 CH.

266 2076 371 2122 Quid
391 2077 479 2113 est?
509 2075 592 2113 ME.
624 2075 736 2112 Audi
754 2076 880 2113 modo.

159 2142 232 2180 Est
251 2141 350 2178 mihi
369 2140 523 2177 ultimis
539 2141 722 2178 conclaue
736 2140 778 2176 in
791 2141 953 2178 aedibus
969 2141 1165 2190 quoddam
1176 2144 1298 2178 refiro:

160 2206 253 2244 Huc
272 2209 331 2242 est
349 2204 456 2241 intro
475 2204 580 2242 latus
599 2204 735 2251 lectus,
756 2204 1005 2241 uestimentis
1025 2207 1172 2241 stratus
1190 2209 1258 2242 est.
