1492 2537
161 144 234 182 III
258 145 276 182 1
301 144 495 184 77—102.
545 144 782 183 HAVTON
808 144 1227 185 TIMORVMENOS.
1307 146 1353 183 27

214 231 273 268 Tu
288 245 371 269 rem
389 232 515 281 perire
534 235 574 268 et
593 231 721 281 ipsum
740 244 819 268 non
837 232 983 280 poteris
1001 231 1094 281 pati.

214 295 321 332 Dare
339 296 564 345 denegaris:
593 295 670 332 ibit
688 294 738 331 ad
757 295 855 332 illud
876 295 976 342 ilico,

215 360 303 405 Quo
321 373 503 397 maxume
522 360 627 409 apud
646 363 685 397 te
705 372 745 396 se
764 360 895 397 ualere
915 359 1057 397 sentiet
1073 373 1081 398 :

213 424 432 461 Abiturum
452 437 491 461 se
510 424 579 460 abs
598 428 638 461 te
658 436 738 461 esse
757 423 847 461 ilico
866 424 1094 461 minabitur.

160 480 241 525 ΜΕ.
272 488 420 525 Videre
438 501 532 525 uera
551 493 669 538 atque
687 488 745 525 ita
763 489 825 525 uti
843 501 905 526 res
924 493 983 526 est
1001 489 1137 527 dicere.
1375 502 1424 525 ωδ

161 553 236 592 CH.
268 553 457 591 Somnum
490 553 619 591 hercle
652 567 722 604 ego
752 553 825 591 hac
858 558 973 591 nocte
1006 554 1129 591 oculis
1161 567 1241 591 non
1273 553 1357 591 uidi

321 617 429 665 meis,

215 683 322 720 Dum
342 684 383 720 id
403 696 558 733 quaero,
579 683 655 720 tibi
674 684 743 733 qui
761 683 889 720 filium
908 684 1165 721 restituerem.

161 748 244 786 ME.
291 748 393 785 Cedo
430 748 611 785 dextram
627 762 634 785 :
663 761 777 798 porro
814 756 854 785 te
894 748 999 785 idem
1036 761 1103 785 oro
1143 751 1190 784 ut
1226 747 1355 791 facias,

323 813 516 850 Chremes,

162 876 238 915 CH.
279 877 445 914 Paratus
458 890 554 915 sum.
598 877 680 915 ME.
715 877 807 914 Scin
820 877 915 927 quid
931 890 1036 914 nunc
1051 878 1177 914 facere
1192 881 1232 913 te
1246 876 1357 913 110102

160 942 234 980 CH.
281 942 366 980 Dic.
411 942 494 979 ΜΕ.
537 942 651 988 Quod
670 942 827 979 sensisti
838 942 925 978 illos
941 955 1002 978 me
1022 942 1192 992 incipere
1211 941 1356 987 fallere,
1377 949 1424 973 49⁵

215 1007 264 1044 Id
283 1012 329 1044 ut
347 1011 548 1044 maturent
567 1008 711 1044 facere:
741 1008 855 1057 cupio
875 1007 934 1043 illi
954 1007 1047 1044 dare

217 1072 332 1118 Quod
361 1074 458 1120 uolt,
486 1073 600 1123 cupio
628 1073 758 1122 ipsum
784 1073 864 1109 iam
886 1072 1030 1111 uidere.
1082 1072 1156 1111 CH.
1190 1072 1359 1122 Operam

322 1138 431 1177 dabo.

216 1200 385 1237 Paulum
404 1201 537 1249 negoti
553 1200 608 1237 mi
627 1201 773 1239 obstat:
805 1199 936 1236 Simus
956 1204 996 1236 et
1016 1199 1127 1237 Crito

215 1265 352 1302 Vicini
372 1265 497 1302 nostri
518 1265 581 1301 hic
605 1264 813 1314 ambigunt
831 1264 878 1300 de
898 1264 1062 1302 finibus:

215 1330 282 1367 Me
302 1343 436 1379 cepere
455 1330 665 1367 arbitrum:
694 1330 758 1366 ibo
779 1342 821 1366 ac
841 1329 977 1375 dicam,
999 1335 1046 1365 ut
1065 1328 1242 1365 dixeram
1381 1338 1430 1360 5³0

216 1396 387 1445 Operam
406 1397 594 1433 daturum
614 1408 686 1442 me,
708 1395 824 1432 hodie
843 1407 922 1431 non
942 1407 1053 1444 posse
1073 1394 1128 1431 eis
1148 1394 1251 1431 dare.

215 1461 413 1499 Continuo
433 1461 495 1498 hic
514 1462 663 1499 adsum.
721 1461 803 1498 ΜΕ.
845 1461 911 1498 Ita
931 1473 1084 1511 quaeso.
1127 1460 1168 1497 di
1187 1463 1361 1497 nostram

321 1527 458 1564 fideml

215 1591 281 1628 Ita
299 1596 562 1641 comparatam
582 1604 662 1629 esse
682 1592 887 1629 hominum
906 1596 1091 1628 naturam
1110 1591 1300 1638 omnium,

214 1659 359 1695 Aliena
378 1662 424 1694 ut
443 1658 583 1694 melius
602 1658 764 1694 uideant
783 1662 823 1694 et
843 1657 1062 1694 diiudicent

216 1724 345 1769 Quam
364 1723 455 1759 sua?
485 1736 535 1759 an
555 1736 599 1760 eo
619 1723 675 1769 fit,
697 1723 790 1772 quia
809 1736 850 1760 re
870 1723 913 1759 in
932 1726 1066 1759 nostra
1086 1725 1156 1759 aut
1175 1722 1319 1771 gaudio
1382 1727 1428 1751 505

216 1787 361 1824 Sumus
380 1787 598 1836 praepediti
617 1787 740 1823 nimio
759 1790 829 1823 aut
849 1786 1114 1835 aegritudine?

217 1851 299 1888 Hic
313 1851 411 1888 mihi
426 1865 531 1888 nuno
546 1856 694 1901 quanto
714 1851 802 1901 plus
822 1852 925 1900 sapit
940 1864 1059 1900 quam
1074 1854 1227 1900 egomet
1242 1851 1339 1888 mihi
1353 1854 1358 1888 ἕ

164 1918 236 1955 CH.
283 1917 460 1954 Dissolui
479 1930 550 1964 me,
573 1917 720 1953 otiosus
740 1930 894 1965 operam
917 1920 962 1953 ut
982 1916 1057 1953 tibi
1076 1916 1219 1953 darem.

217 1982 339 2032 Syrus
360 1986 419 2019 est
437 1982 686 2032 prendendus
704 1986 823 2031 atque
842 1981 1109 2018 adhortandus
1128 1981 1238 2021 mihi.

217 2047 258 2084 A
277 2060 339 2084 me
358 2047 487 2084 nescio
507 2047 596 2097 quis
615 2047 718 2084 exit:
749 2047 914 2083 concede
933 2046 1025 2083 hinc
1045 2047 1216 2094 domum,

1383 2049 1430 2071 51)

217 2113 280 2150 Ne
300 2119 444 2150 nosmet
463 2113 568 2150 inter
586 2125 656 2150 nos
675 2125 887 2162 congruere
906 2113 1090 2151 sentiant.
