1492 2537
102 184 148 220 II
171 185 193 221 3
216 184 384 222 35—62.
447 184 523 222 IIA
538 185 683 223 VTON
719 186 1139 226 TIMORVMENOS.
1246 188 1292 226 17

154 272 270 308 Anus
290 271 481 320 quaedam
499 271 631 321 prodit
647 286 654 309 :
683 272 776 309 haec
796 273 864 309 ubi
883 273 1037 322 aperuit
1056 273 1213 320 ostium,

156 336 352 372 Continuo
373 335 435 372 hio
454 348 494 372 se
513 336 678 373 coniecit
699 337 816 382 intro,
838 350 907 386 ego
928 350 1140 387 consequor
1158 352 1166 375 ;

156 402 271 437 Anus
290 400 439 437 foribus
458 401 568 438 obdit
587 403 797 451 pessulum,
818 403 867 438 ad
887 402 1015 438 lanam
1036 402 1148 440 redit.

156 466 236 503 Hic
255 465 345 502 seiri
364 465 496 514 potuit
515 470 585 502 aut
604 479 799 515 nusquam
819 467 923 513 alibi,
948 466 1090 511 Clinia,

156 531 242 575 Quo
262 531 392 567 studio
412 530 537 566 uitam
557 544 666 568 suam
686 536 725 568 te
745 533 903 569 absente
923 532 1107 581 exegerit,
1317 541 1366 564 οδω

156 598 238 635 Vbi
257 598 305 635 de
327 598 568 647 inprouisost
587 599 856 635 interuentum
878 598 1035 634 mulieri
1052 612 1059 635 ε

155 664 261 700 Nam
281 678 326 701 ea
344 677 405 701 res
424 664 533 701 dedit
552 668 638 701 tum
658 665 925 702 existumandi
945 665 1096 714 copiam

156 729 384 766 Cotidianae
405 728 511 766 uitae
530 729 863 775 Consuetudinem,

156 794 264 839 Quae
284 793 500 842 quoiusque
520 793 721 842 ingenium
742 798 788 830 ut
807 794 859 829 sit
878 793 1050 830 declarat
1070 805 1262 831 maxume.

155 859 370 896 Texentem
389 859 508 894 telam
529 858 699 894 studiose
719 859 843 907 ipsam
865 860 1109 904 offendimus,
1318 876 1364 906 285

156 924 409 961 Mediocriter
427 923 613 960 uestitam
633 928 740 960 ueste
760 924 918 973 lugubri

156 990 269 1039 (Eius
288 989 403 1026 anuis
423 1002 539 1025 causa
557 989 696 1037 opinor
715 1001 814 1037 quae
835 992 918 1025 erat
937 988 1109 1038 mortua)

156 1055 248 1093 Sine
281 1068 376 1092 auro
392 1071 400 1093 ε
440 1059 527 1091 tum
564 1058 742 1091 ornatam
777 1054 834 1090 ita
872 1053 933 1090 uti
971 1067 1070 1104 quae
1108 1059 1298 1091 ornantur

262 1121 349 1168 sibi,

157 1186 280 1224 Nulla
301 1199 341 1223 re
361 1185 483 1222 malas
504 1184 717 1234 expolitam
737 1184 930 1221 muliebri.

155 1251 331 1301 Capillus
351 1262 497 1299 passus,
516 1249 704 1298 prolixus,
726 1249 871 1285 circum
891 1253 1010 1298 caput
1317 1272 1367 1296 290

156 1316 341 1353 Reiectus
361 1314 622 1363 neglegenter,
644 1326 732 1362 pax.
779 1313 892 1350 ΟΜΝ.
925 1314 1021 1363 Syre
1040 1315 1106 1360 mi,
1128 1315 1295 1360 obsecro,

153 1381 216 1418 Ne
235 1392 297 1416 me
316 1379 358 1415 in
377 1378 567 1414 laetitiam
589 1378 737 1414 frustra
757 1378 935 1414 conicias.
995 1378 1059 1415 ΞΥ.
1094 1379 1212 1416 Anus

155 1445 369 1483 Subtemen
389 1443 507 1480 nebat
524 1456 532 1480 :
562 1447 762 1492 praeterea
782 1456 861 1478 una
879 1442 1065 1479 ancillula²

156 1512 251 1548 Erat
266 1524 275 1557 3
305 1523 349 1547 ea
367 1509 529 1546 texebat
549 1521 638 1554 una,
662 1507 802 1557 pannis
822 1508 959 1553 obsita,

154 1574 356 1624 Neglecta,
388 1572 580 1609 inmunda
613 1572 775 1610 inluuie.
836 1571 945 1609 CLIT.
987 1571 1030 1608 Si
1067 1572 1160 1610 haec
1192 1578 1295 1619 sunt,
1315 1591 1362 1616 293

240 1637 380 1683 Clinia,

155 1702 275 1748 Vera,
296 1702 354 1738 ita
373 1701 435 1738 uti
455 1700 580 1746 oredo,
602 1700 690 1749 quis
709 1703 788 1736 test
807 1700 1072 1736 fortunatior(l

154 1767 247 1804 Scin
265 1768 365 1804 hane
385 1781 502 1816 quam
522 1767 618 1803 dicit
638 1766 876 1803 sordidatam
896 1770 936 1803 et
955 1767 1055 1803 sordi
1062 1768 1171 1804 dam?

155 1833 346 1882 Magnum
366 1832 438 1869 hoe
458 1844 614 1882 quoque
636 1831 841 1880 signumst,
863 1831 1057 1867 dominam
1081 1844 1161 1868 esse
1185 1836 1296 1868 extra

259 1898 431 1944 noxiam,

155 1962 283 2007 Quom
303 1963 386 1999 eius
406 1966 487 1999 tam
507 1961 769 2010 negleguntur
788 1961 1037 1999 internuntii.

158 2029 263 2065 Nam
284 2027 534 2077 disciplinast
553 2027 699 2063 eisdem
719 2026 962 2062 munerarier
1316 2044 1365 2066 300

157 2093 333 2129 Ancillas
352 2093 536 2142 primum,
558 2091 607 2128 ad
627 2090 805 2127 dominas
825 2090 894 2139 qui
913 2090 1112 2127 adfectant
1132 2091 1247 2128 uiam.

101 2159 212 2196 CLIN.
244 2159 379 2208 Perge,
402 2158 557 2195 obsecro
577 2161 628 2202 te,
650 2161 690 2193 et
709 2169 804 2192 caue
823 2169 872 2192 ne
892 2156 1027 2192 falsam
1048 2157 1216 2205 gratiam

156 2223 322 2260 Studeas
341 2223 450 2260 inire.
484 2222 579 2271 quid
599 2226 666 2267 ait,
687 2220 755 2257 ubi
775 2233 836 2257 me
857 2220 1063 2258 nominas?
