1492 2537
146 143 166 181 1
187 144 209 181 2
230 143 396 182 19—35.
457 142 535 180 HA
550 143 697 182 VTON
730 143 843 181 TIM
841 143 911 182 OB
918 143 1080 183 VMEN
1080 145 1152 183 OS.
1292 147 1335 184 11

200 231 305 277 Quid
324 231 500 269 relicuist
524 232 623 281 quin
648 232 803 280 habeat,
824 245 924 282 quae
944 233 1104 283 quidem
1122 233 1165 269 in
1183 233 1340 271 homine

306 295 493 333 dicuntur
512 296 634 333 bona?

200 360 391 407 Parentis,
412 360 580 410 patriam
600 361 848 408 incolumem,
871 361 1027 409 amicos,
1049 375 1184 411 genus,
1205 375 1339 412 cogna—

305 430 376 471 tos,
397 426 536 473 diziQs:
555 416 736 464 dmum

200 492 337 542 Atque
365 491 460 528 haec
483 491 646 541 perinde
675 495 770 529 sunt
796 495 842 528 ut
864 491 992 529 illiust
1019 492 1175 530 animus
1200 493 1269 543 qui
1296 507 1338 530 ea
1360 509 1405 532 ιω

305 555 496 604 possidet:

199 620 278 666 Qui
309 620 372 656 uti
404 620 488 667 scit,
524 620 561 657 ei
594 621 697 657 bona
711 633 722 668 3
758 620 830 667 illi,
860 621 931 671 qui
958 633 1038 657 non
1066 620 1196 657 utitur
1222 626 1336 666 recte,

305 684 418 723 mala.

144 750 211 788 CL.
256 748 385 785 Immo
405 749 470 786 ille
490 749 568 786 fuit
587 763 705 787 senex
725 750 962 799 inportunus
982 763 1150 799 semper3
1179 753 1219 786 et
1235 763 1339 786 nunc

304 814 361 850 nil
382 815 506 864 magis

195 881 349 917 Vereor
367 893 485 929 quam
505 879 651 929 nequid
670 880 713 916 in
732 880 846 916 illum
865 879 991 916 iratus
1009 879 1098 929 plus
1112 879 1208 917 satis
1226 880 1337 925 faxit,

306 949 428 994 pater.

144 1012 218 1048 CH.
261 1010 439 1047 Illicinete
470 1010 537 1046 sed
567 1010 778 1060 reprimam
809 1023 890 1048 me:
921 1023 1014 1047 nam
1043 1010 1086 1047 in
1119 1015 1228 1048 metu
1258 1024 1338 1048 esse

304 1075 411 1112 hunc
432 1075 529 1111 illist
549 1075 658 1113 utile.

143 1140 210 1178 CL.
253 1139 358 1185 Quid
373 1144 460 1176 tute
474 1140 623 1176 tecum?
652 1139 726 1176 CH.
757 1139 907 1177 Dicam.
938 1143 983 1176 ut
996 1143 1041 1176 ut
1053 1143 1146 1186 erat,
1160 1152 1337 1177 mansum
1357 1151 1406 1167 200

303 1208 436 1240 tamen
455 1203 639 1252 oportuit.

196 1268 376 1305 Fortasse
396 1268 646 1317 aliquantum
666 1267 840 1316 iniquior
859 1270 943 1304 erat
962 1271 1117 1316 praeter
1136 1266 1221 1304 eius
1240 1267 1339 1304 lubi-

302 1333 452 1372 dinem:

194 1397 425 1435 Pateretur:
454 1409 545 1433 nam
565 1408 684 1446 quem
703 1396 835 1442 ferret,
852 1395 885 1432 si
900 1399 1104 1445 parentem
1122 1408 1202 1433 non
1221 1396 1341 1433 ferret

301 1462 436 1499 suom?

197 1527 386 1565 Huncine
417 1532 501 1563 erat
530 1539 696 1576 aequom
724 1539 774 1563 ex
802 1526 909 1563 illius
939 1539 1046 1563 more
1071 1539 1122 1563 an
1154 1525 1268 1562 illum
1290 1539 1338 1562 ex

302 1593 420 1629 huius
440 1592 598 1629 uiuerett

197 1659 250 1696 Et
281 1658 386 1708 quod
409 1658 523 1694 illum
546 1657 752 1694 insimulat>
777 1657 932 1704 durum,
964 1657 1005 1694 id
1029 1670 1110 1694 11011
1139 1661 1218 1694 est:
1248 1669 1339 1693 nam

301 1727 511 1774 parentum
531 1723 699 1760 iniuriae

199 1791 327 1827 Vnius
346 1789 454 1826 modi
473 1793 567 1825 sunt
586 1789 707 1825 ferme
716 1801 728 1835 3
757 1788 875 1838 paulo
894 1788 964 1838 qui
990 1790 1049 1824 est
1067 1787 1184 1824 homo
1203 1786 1339 1824 tolera-
1356 1798 1404 1819 20³

301 1854 404 1901 bilis,

195 1920 368 1957 Scortari
387 1920 521 1956 crebro
541 1918 695 1965 nolunt,
718 1917 862 1954 nolunt
881 1917 1015 1954 crebro
1034 1916 1293 1961 conuiuarier,

196 1985 393 2022 Praebent
412 1984 554 2034 exigue
574 1987 796 2032 sumptum:
824 1987 943 2033 atque
971 1982 1066 2020 haec
1093 1985 1187 2018 sunt
1207 1986 1339 2018 tamen

300 2048 351 2085 ad
371 2048 562 2084 uirtutem
581 2047 722 2084 omnia.

195 2113 349 2150 Verum
361 2113 516 2150 animus
531 2112 600 2149 ubi
613 2111 731 2149 semel
743 2124 783 2149 se
797 2110 1014 2161 cupiditate
1027 2110 1207 2148 cleuinxit
1224 2109 1337 2149 mala,

195 2178 412 2221 Necessest,
434 2177 620 2227 Clitipho,
643 2176 804 2214 consilia
823 2176 1009 2226 consequi
1027 2175 1255 2213 consimilia.
