1492 2537
617 508 839 558 AOTVS
887 508 946 558 V.

527 657 797 696 MENEDEMVS.
857 658 1061 697 CHREMES.

105 757 140 794 V
154 757 171 787 1
192 755 271 792 ΜΕ.
316 754 400 805 Ego
419 767 481 791 me
501 767 580 790 non
600 758 683 791 tam
702 758 880 791 astutum
903 768 1030 805 neque
1056 755 1112 792 ita
1131 757 1388 806 perspicacem

91 824 173 848 1-12
353 833 432 857 esse
452 820 493 857 id
513 821 611 859 scio:
1003 813 1006 816 ’

124 904 173 935 375
247 885 323 923 Sed
342 885 406 922 hic
425 885 582 922 adiutor
606 897 717 922 meus
743 888 783 922 et
806 885 978 922 monitor
997 888 1037 922 et
1062 891 1392 935 praemonstrator

355 949 542 986 Chremes

248 1017 338 1053 Hoc
358 1016 456 1052 mihi
476 1019 668 1065 praestat:
697 1015 740 1052 in
755 1028 817 1052 me
832 1015 991 1065 quiduis
1006 1016 1148 1053 harum
1161 1029 1292 1053 rerum
1307 1030 1392 1054 con-

354 1079 477 1122 uenit,

247 1144 357 1189 Quae
391 1147 486 1180 sunt
516 1143 622 1180 dieta
652 1142 695 1179 in
725 1142 861 1190 stulto,
896 1143 1057 1190 caudex,
1083 1143 1214 1193 stipes,
1247 1145 1391 1189 asinus,

355 1208 579 1258 plumbeus:

249 1275 299 1311 In
329 1274 443 1311 illum
473 1273 531 1310 nil
562 1277 713 1323 potest:
752 1277 945 1322 exuperat
978 1273 1061 1310 eius
1095 1273 1268 1310 stultitia
1301 1274 1394 1311 haec

356 1341 496 1377 omnia.

196 1406 270 1442 CH.
316 1405 414 1452 Ohe,
427 1404 564 1442 desiste
583 1404 745 1454 inquam
765 1403 867 1450 deos,
882 1417 992 1451 uxor,
1007 1404 1239 1454 gratulando
1259 1405 1396 1442 obtun-

357 1472 458 1517 dere,

128 1551 177 1576 850
250 1536 376 1573 Tuam
401 1549 482 1572 esse
511 1535 717 1571 inuentam
740 1538 918 1584 gnatam:
949 1535 1026 1571 nisi
1049 1534 1136 1572 illos
1165 1549 1215 1573 ex
1243 1540 1312 1572 tuo
1341 1537 1396 1572 in-

356 1600 470 1650 genio
489 1600 650 1643 iudicas,

250 1666 310 1702 Vt
336 1665 394 1701 nil
422 1665 553 1701 eredas
586 1664 824 1714 intellegere,
851 1663 929 1700 nisi
957 1663 1061 1700 idem
1090 1663 1279 1701 dictumst
1308 1678 1397 1702 cen—

357 1731 468 1768 tiens.

251 1796 326 1833 Sed
346 1795 507 1833 interim
527 1795 623 1845 quid
642 1795 723 1832 illic
742 1794 821 1832 iam
840 1795 987 1831 dudum
1008 1799 1150 1845 gnatus
1169 1800 1292 1833 cessat
1311 1809 1398 1833 oum

360 1861 478 1911 Syro2

199 1927 280 1966 ME.
318 1927 425 1972 Quos
445 1930 501 1962 ais
521 1925 708 1970 homines,
725 1924 920 1972 Chremes,
935 1926 1105 1962 cessare2
1149 1924 1222 1962 CH.
1261 1925 1397 1972 Ehem,

361 1990 605 2033 Menedmue,
626 1989 809 2026 aduenisCt

253 2054 330 2091 Dic
345 2054 454 2101 mihi,
471 2054 622 2091 Cliniae
638 2067 737 2103 quae
753 2053 837 2090 dixi
856 2053 1099 2089 nuntiastinse
1131 2052 1211 2090 ME.
1245 2053 1396 2090 Omnia.

131 2133 180 2164 835
201 2121 275 2159 CH.
309 2120 414 2165 Quid
435 2121 512 2156 ait?
544 2119 624 2156 ΜΕ.
650 2120 832 2156 Gaudere
848 2119 945 2155 adeo
966 2119 1105 2168 coepit,
1120 2119 1231 2167 quasi
1252 2119 1320 2168 qui
1341 2133 1400 2156 cu-

362 2186 479 2235 piunt
499 2185 672 2234 nuptias.
