<?xml version="1.0" encoding="UTF-8"?>
<!DOCTYPE html PUBLIC "-//W3C//DTD XHTML 1.0 Transitional//EN"
    "http://www.w3.org/TR/xhtml1/DTD/xhtml1-transitional.dtd">
<html xmlns="http://www.w3.org/1999/xhtml" xml:lang="en" lang="en">
 <head>
  <title>
</title>
<meta http-equiv="Content-Type" content="text/html;charset=utf-8" />
  <meta name='ocr-system' content='tesseract 3.04.00' />
  <meta name='ocr-capabilities' content='ocr_page ocr_carea ocr_par ocr_line ocrx_word'/>
</head>
<body>
  <div class='ocr_page' id='page_1' title='image "./hautontimorumeno00tereuoft_0082.png"; bbox 0 0 1492 2537; ppageno 0'>
   <div class='ocr_carea' id='block_1_1' title="bbox 179 173 1376 215">
    <p class='ocr_par' dir='ltr' id='par_1_1' title="bbox 179 173 1376 215">
     <span class='ocr_line' id='line_1_1' title="bbox 179 173 1376 215; baseline 0.006 -7"><span class='ocrx_word' id='word_1_1' title='bbox 179 173 230 209; x_wconf 83' lang='lat'>50</span> <span class='ocrx_word' id='word_1_2' title='bbox 368 173 443 211; x_wconf 83' lang='lat' dir='ltr'>HA</span> <span class='ocrx_word' id='word_1_3' title='bbox 457 174 601 212; x_wconf 78' lang='lat' dir='ltr'><em>VTON</em></span> <span class='ocrx_word' id='word_1_4' title='bbox 637 173 1058 214; x_wconf 72' lang='lat' dir='ltr'><em>TIMORVMENOS.</em></span> <span class='ocrx_word' id='word_1_5' title='bbox 1102 176 1142 212; x_wconf 90' lang='lat' dir='ltr'>V</span> <span class='ocrx_word' id='word_1_6' title='bbox 1167 178 1182 213; x_wconf 91' lang='lat'>1</span> <span class='ocrx_word' id='word_1_7' title='bbox 1209 178 1376 215; x_wconf 74' lang='lat'>31—54.</span> 
     </span>
    </p>
   </div>
   <div class='ocr_carea' id='block_1_2' title="bbox 110 258 1492 2256">
    <p class='ocr_par' dir='ltr' id='par_1_2' title="bbox 110 258 1492 2256">
     <span class='ocr_line' id='line_1_2' title="bbox 179 258 1378 308; baseline 0.006 -14"><span class='ocrx_word' id='word_1_8' title='bbox 179 258 251 295; x_wconf 79' lang='lat' dir='ltr'>CH.</span> <span class='ocrx_word' id='word_1_9' title='bbox 277 258 381 304; x_wconf 86' lang='lat' dir='ltr'>Quid</span> <span class='ocrx_word' id='word_1_10' title='bbox 396 264 600 308; x_wconf 72' lang='lat' dir='ltr'><strong>postquam</strong></span> <span class='ocrx_word' id='word_1_11' title='bbox 615 259 686 298; x_wconf 82' lang='lat' dir='ltr'>hoc</span> <span class='ocrx_word' id='word_1_12' title='bbox 699 265 758 297; x_wconf 72' lang='lat' dir='ltr'>est</span> <span class='ocrx_word' id='word_1_13' title='bbox 771 261 932 298; x_wconf 68' lang='lat' dir='ltr'>factum?</span> <span class='ocrx_word' id='word_1_14' title='bbox 957 261 1038 299; x_wconf 92' lang='grc' dir='ltr'>ΜΕ.</span> <span class='ocrx_word' id='word_1_15' title='bbox 1057 262 1219 300; x_wconf 73' lang='lat' dir='ltr'>Dictum</span> <span class='ocrx_word' id='word_1_16' title='bbox 1231 263 1378 301; x_wconf 66' lang='lat' dir='ltr'>factum</span> 
     </span>
     <span class='ocr_line' id='line_1_3' title="bbox 341 325 742 374; baseline 0.002 -13"><span class='ocrx_word' id='word_1_17' title='bbox 341 325 417 362; x_wconf 88' lang='lat' dir='ltr'>huc</span> <span class='ocrx_word' id='word_1_18' title='bbox 436 325 535 361; x_wconf 71' lang='lat' dir='ltr'>abiit</span> <span class='ocrx_word' id='word_1_19' title='bbox 556 325 742 374; x_wconf 75' lang='lat' dir='ltr'>Clitipho.</span> 
     </span>
     <span class='ocr_line' id='line_1_4' title="bbox 113 390 1377 431; baseline -0.001 0"><span class='ocrx_word' id='word_1_20' title='bbox 113 407 161 431; x_wconf 69' lang='lat'>905</span> <span class='ocrx_word' id='word_1_21' title='bbox 182 390 254 428; x_wconf 82' lang='lat' dir='ltr'>CH.</span> <span class='ocrx_word' id='word_1_22' title='bbox 287 390 420 428; x_wconf 65' lang='lat' dir='ltr'>Solus?</span> <span class='ocrx_word' id='word_1_23' title='bbox 447 391 528 427; x_wconf 88' lang='grc' dir='ltr'>ΜΕ.</span> <span class='ocrx_word' id='word_1_24' title='bbox 549 391 672 429; x_wconf 80' lang='lat' dir='ltr'>Solus.</span> <span class='ocrx_word' id='word_1_25' title='bbox 706 391 780 429; x_wconf 74' lang='lat' dir='ltr'>GH.</span> <span class='ocrx_word' id='word_1_26' title='bbox 795 392 941 431; x_wconf 78' lang='lat' dir='ltr'>Timeo.</span> <span class='ocrx_word' id='word_1_27' title='bbox 973 392 1054 431; x_wconf 89' lang='grc' dir='ltr'>ΜΕ.</span> <span class='ocrx_word' id='word_1_28' title='bbox 1073 392 1236 430; x_wconf 81' lang='lat' dir='ltr'>Bacchis</span> <span class='ocrx_word' id='word_1_29' title='bbox 1250 406 1377 431; x_wconf 89' lang='lat' dir='ltr'>conse-</span> 
     </span>
     <span class='ocr_line' id='line_1_5' title="bbox 343 454 592 492; baseline 0.004 -1"><span class='ocrx_word' id='word_1_30' title='bbox 343 458 473 491; x_wconf 67' lang='lat' dir='ltr'>cutast</span> <span class='ocrx_word' id='word_1_31' title='bbox 492 454 592 492; x_wconf 88' lang='lat' dir='ltr'>ilico.</span> 
     </span>
     <span class='ocr_line' id='line_1_6' title="bbox 182 518 1376 568; baseline 0.003 -13"><span class='ocrx_word' id='word_1_32' title='bbox 182 519 253 555; x_wconf 80' lang='lat' dir='ltr'>UH.</span> <span class='ocrx_word' id='word_1_33' title='bbox 288 518 405 555; x_wconf 78' lang='lat' dir='ltr'>SolaZ</span> <span class='ocrx_word' id='word_1_34' title='bbox 436 518 518 555; x_wconf 88' lang='grc' dir='ltr'>ΜΕ.</span> <span class='ocrx_word' id='word_1_35' title='bbox 543 519 643 558; x_wconf 79' lang='lat' dir='ltr'>Sola.</span> <span class='ocrx_word' id='word_1_36' title='bbox 676 520 748 557; x_wconf 80' lang='lat' dir='ltr'>CH.</span> <span class='ocrx_word' id='word_1_37' title='bbox 773 520 890 557; x_wconf 87' lang='lat' dir='ltr'>Perii.</span> <span class='ocrx_word' id='word_1_38' title='bbox 923 520 1006 559; x_wconf 90' lang='grc' dir='ltr'>ΜΕ.</span> <span class='ocrx_word' id='word_1_39' title='bbox 1023 520 1106 558; x_wconf 89' lang='lat' dir='ltr'>Vbi</span> <span class='ocrx_word' id='word_1_40' title='bbox 1119 521 1248 559; x_wconf 86' lang='lat' dir='ltr'>abiere</span> <span class='ocrx_word' id='word_1_41' title='bbox 1259 521 1376 568; x_wconf 77' lang='lat' dir='ltr'>intro,</span> 
     </span>
     <span class='ocr_line' id='line_1_7' title="bbox 339 585 961 632; baseline 0.005 -13"><span class='ocrx_word' id='word_1_42' title='bbox 339 596 527 632; x_wconf 90' lang='lat' dir='ltr'>operuere</span> <span class='ocrx_word' id='word_1_43' title='bbox 547 586 703 624; x_wconf 75' lang='lat' dir='ltr'>ostium.</span> <span class='ocrx_word' id='word_1_44' title='bbox 737 585 810 623; x_wconf 87' lang='lat' dir='ltr'>CH.</span> <span class='ocrx_word' id='word_1_45' title='bbox 842 586 961 631; x_wconf 84' lang='lat' dir='ltr'>Hem,</span> 
     </span>
     <span class='ocr_line' id='line_1_8' title="bbox 236 647 1377 696; baseline 0 -9"><span class='ocrx_word' id='word_1_46' title='bbox 236 650 366 687; x_wconf 78' lang='lat' dir='ltr'>Clinia</span> <span class='ocrx_word' id='word_1_47' title='bbox 386 651 480 688; x_wconf 79' lang='lat' dir='ltr'>haec</span> <span class='ocrx_word' id='word_1_48' title='bbox 499 651 584 688; x_wconf 87' lang='lat' dir='ltr'>fieri</span> <span class='ocrx_word' id='word_1_49' title='bbox 601 651 786 688; x_wconf 63' lang='lat' dir='ltr'>uidebat?</span> <span class='ocrx_word' id='word_1_50' title='bbox 815 651 899 688; x_wconf 89' lang='grc' dir='ltr'>ΜΕ.</span> <span class='ocrx_word' id='word_1_51' title='bbox 924 651 1028 696; x_wconf 87' lang='lat' dir='ltr'>Quid</span> <span class='ocrx_word' id='word_1_52' title='bbox 1041 651 1107 689; x_wconf 62' lang='lat' dir='ltr'>ni?</span> <span class='ocrx_word' id='word_1_53' title='bbox 1132 647 1284 688; x_wconf 87' lang='lat' dir='ltr'>mecu&#39;m</span> <span class='ocrx_word' id='word_1_54' title='bbox 1300 664 1377 687; x_wconf 82' lang='lat' dir='ltr'>una</span> 
     </span>
     <span class='ocr_line' id='line_1_9' title="bbox 343 714 471 754; baseline 0 -4"><span class='ocrx_word' id='word_1_55' title='bbox 343 714 471 754; x_wconf 82' lang='lat' dir='ltr'>simul.</span> 
     </span>
     <span class='ocr_line' id='line_1_10' title="bbox 182 777 1187 825; baseline 0.002 -12"><span class='ocrx_word' id='word_1_56' title='bbox 182 777 255 813; x_wconf 77' lang='lat' dir='ltr'>CH.</span> <span class='ocrx_word' id='word_1_57' title='bbox 289 777 406 814; x_wconf 71' lang='lat' dir='ltr'>Filist</span> <span class='ocrx_word' id='word_1_58' title='bbox 426 777 551 814; x_wconf 85' lang='lat' dir='ltr'>amica</span> <span class='ocrx_word' id='word_1_59' title='bbox 571 777 760 815; x_wconf 81' lang='lat' dir='ltr'>Bacchis:</span> <span class='ocrx_word' id='word_1_60' title='bbox 790 778 1034 825; x_wconf 87' lang='lat' dir='ltr'>Menedeme,</span> <span class='ocrx_word' id='word_1_61' title='bbox 1056 778 1187 815; x_wconf 86' lang='lat' dir='ltr'>occidi.</span> 
     </span>
     <span class='ocr_line' id='line_1_11' title="bbox 181 840 1379 886; baseline 0.001 -9"><span class='ocrx_word' id='word_1_62' title='bbox 181 841 261 877; x_wconf 85' lang='grc' dir='ltr'>ΜΕ.</span> <span class='ocrx_word' id='word_1_63' title='bbox 297 840 425 886; x_wconf 86' lang='lat' dir='ltr'>Quam</span> <span class='ocrx_word' id='word_1_64' title='bbox 452 842 605 879; x_wconf 72' lang='lat' dir='ltr'>obrem?</span> <span class='ocrx_word' id='word_1_65' title='bbox 645 842 718 879; x_wconf 83' lang='lat' dir='ltr'>CH.</span> <span class='ocrx_word' id='word_1_66' title='bbox 748 842 894 880; x_wconf 81' lang='lat' dir='ltr'>Decem</span> <span class='ocrx_word' id='word_1_67' title='bbox 914 842 1066 879; x_wconf 84' lang='lat' dir='ltr'>dierum</span> <span class='ocrx_word' id='word_1_68' title='bbox 1085 843 1156 878; x_wconf 78' lang='lat' dir='ltr'>uix</span> <span class='ocrx_word' id='word_1_69' title='bbox 1173 842 1307 879; x_wconf 73' lang='lat' dir='ltr'>mihist</span> <span class='ocrx_word' id='word_1_70' title='bbox 1326 841 1379 878; x_wconf 86' lang='lat' dir='ltr'>fa-</span> 
     </span>
     <span class='ocr_line' id='line_1_12' title="bbox 339 905 461 943; baseline 0.008 -1"><span class='ocrx_word' id='word_1_71' title='bbox 339 905 461 943; x_wconf 86' lang='lat' dir='ltr'>milia.</span> 
     </span>
     <span class='ocr_line' id='line_1_13' title="bbox 113 970 1377 1021; baseline 0.003 -16"><span class='ocrx_word' id='word_1_72' title='bbox 113 988 162 1013; x_wconf 80' lang='lat'>910</span> <span class='ocrx_word' id='word_1_73' title='bbox 181 970 262 1009; x_wconf 85' lang='grc' dir='ltr'>ΜΕ.</span> <span class='ocrx_word' id='word_1_74' title='bbox 296 970 422 1015; x_wconf 65' lang='lat' dir='ltr'>Quid?</span> <span class='ocrx_word' id='word_1_75' title='bbox 441 971 541 1007; x_wconf 68' lang='lat' dir='ltr'>istuc</span> <span class='ocrx_word' id='word_1_76' title='bbox 562 971 677 1008; x_wconf 74' lang='lat' dir='ltr'>times</span> <span class='ocrx_word' id='word_1_77' title='bbox 697 971 799 1020; x_wconf 82' lang='lat' dir='ltr'>quod</span> <span class='ocrx_word' id='word_1_78' title='bbox 813 971 879 1008; x_wconf 89' lang='lat' dir='ltr'>ille</span> <span class='ocrx_word' id='word_1_79' title='bbox 896 984 1052 1021; x_wconf 80' lang='lat' dir='ltr'>operam</span> <span class='ocrx_word' id='word_1_80' title='bbox 1069 970 1193 1008; x_wconf 84' lang='lat' dir='ltr'>amico</span> <span class='ocrx_word' id='word_1_81' title='bbox 1206 972 1274 1009; x_wconf 74' lang='lat' dir='ltr'>dat</span> <span class='ocrx_word' id='word_1_82' title='bbox 1286 974 1377 1009; x_wconf 70' lang='lat' dir='ltr'>suo?</span> 
     </span>
     <span class='ocr_line' id='line_1_14' title="bbox 182 1034 1375 1084; baseline 0.003 -14"><span class='ocrx_word' id='word_1_83' title='bbox 182 1034 255 1071; x_wconf 84' lang='lat' dir='ltr'>CH.</span> <span class='ocrx_word' id='word_1_84' title='bbox 288 1034 416 1071; x_wconf 89' lang='lat' dir='ltr'>Immo</span> <span class='ocrx_word' id='word_1_85' title='bbox 437 1034 541 1084; x_wconf 88' lang='lat' dir='ltr'>quod</span> <span class='ocrx_word' id='word_1_86' title='bbox 561 1035 714 1072; x_wconf 79' lang='lat' dir='ltr'>amicae.</span> <span class='ocrx_word' id='word_1_87' title='bbox 748 1035 829 1072; x_wconf 84' lang='lat' dir='ltr'>ME.</span> <span class='ocrx_word' id='word_1_88' title='bbox 861 1035 904 1072; x_wconf 80' lang='lat' dir='ltr'>Si</span> <span class='ocrx_word' id='word_1_89' title='bbox 918 1035 998 1072; x_wconf 71' lang='lat' dir='ltr'>dat.</span> <span class='ocrx_word' id='word_1_90' title='bbox 1030 1035 1102 1073; x_wconf 87' lang='lat' dir='ltr'>CH.</span> <span class='ocrx_word' id='word_1_91' title='bbox 1125 1037 1194 1072; x_wconf 90' lang='lat' dir='ltr'>An</span> <span class='ocrx_word' id='word_1_92' title='bbox 1214 1036 1375 1073; x_wconf 85' lang='lat' dir='ltr'>dubium</span> 
     </span>
     <span class='ocr_line' id='line_1_15' title="bbox 340 1097 536 1135; baseline 0 -1"><span class='ocrx_word' id='word_1_93' title='bbox 340 1097 381 1135; x_wconf 91' lang='lat' dir='ltr'>id</span> <span class='ocrx_word' id='word_1_94' title='bbox 401 1098 536 1135; x_wconf 66' lang='lat' dir='ltr'>tibist?</span> 
     </span>
     <span class='ocr_line' id='line_1_16' title="bbox 234 1160 1338 1213; baseline 0.004 -17"><span class='ocrx_word' id='word_1_95' title='bbox 234 1160 532 1210; x_wconf 78' lang='lat' dir='ltr'>Quemquamne</span> <span class='ocrx_word' id='word_1_96' title='bbox 552 1165 631 1197; x_wconf 73' lang='lat' dir='ltr'>tam</span> <span class='ocrx_word' id='word_1_97' title='bbox 652 1161 754 1198; x_wconf 87' lang='lat' dir='ltr'>comi</span> <span class='ocrx_word' id='word_1_98' title='bbox 773 1161 904 1198; x_wconf 88' lang='lat' dir='ltr'>animo</span> <span class='ocrx_word' id='word_1_99' title='bbox 924 1174 1006 1199; x_wconf 85' lang='lat' dir='ltr'>esse</span> <span class='ocrx_word' id='word_1_100' title='bbox 1025 1166 1094 1199; x_wconf 75' lang='lat' dir='ltr'>aut</span> <span class='ocrx_word' id='word_1_101' title='bbox 1114 1162 1192 1200; x_wconf 89' lang='lat' dir='ltr'>leni</span> <span class='ocrx_word' id='word_1_102' title='bbox 1212 1168 1338 1213; x_wconf 74' lang='lat' dir='ltr'>putas,</span> 
     </span>
     <span class='ocr_line' id='line_1_17' title="bbox 235 1226 1091 1277; baseline 0.004 -15"><span class='ocrx_word' id='word_1_103' title='bbox 235 1226 314 1271; x_wconf 86' lang='lat' dir='ltr'>Qui</span> <span class='ocrx_word' id='word_1_104' title='bbox 334 1239 374 1263; x_wconf 90' lang='lat' dir='ltr'>se</span> <span class='ocrx_word' id='word_1_105' title='bbox 393 1226 555 1263; x_wconf 75' lang='lat' dir='ltr'>uidente</span> <span class='ocrx_word' id='word_1_106' title='bbox 575 1227 741 1264; x_wconf 78' lang='lat' dir='ltr'>amicam</span> <span class='ocrx_word' id='word_1_107' title='bbox 761 1228 936 1277; x_wconf 72' lang='lat' dir='ltr'>patiatur</span> <span class='ocrx_word' id='word_1_108' title='bbox 955 1229 1091 1266; x_wconf 67' lang='lat' dir='ltr'>suam&#39;!</span> 
     </span>
     <span class='ocr_line' id='line_1_18' title="bbox 182 1292 1200 1343; baseline 0.004 -14"><span class='ocrx_word' id='word_1_109' title='bbox 182 1292 264 1330; x_wconf 87' lang='grc' dir='ltr'>ΜΕ.</span> <span class='ocrx_word' id='word_1_110' title='bbox 297 1292 402 1337; x_wconf 82' lang='lat' dir='ltr'>Quid</span> <span class='ocrx_word' id='word_1_111' title='bbox 417 1293 486 1331; x_wconf 74' lang='lat' dir='ltr'>ni2</span> <span class='ocrx_word' id='word_1_112' title='bbox 516 1307 593 1343; x_wconf 87' lang='lat' dir='ltr'>quo</span> <span class='ocrx_word' id='word_1_113' title='bbox 620 1295 740 1332; x_wconf 82' lang='lat' dir='ltr'>uerba</span> <span class='ocrx_word' id='word_1_114' title='bbox 759 1295 912 1332; x_wconf 79' lang='lat' dir='ltr'>facilius</span> <span class='ocrx_word' id='word_1_115' title='bbox 931 1295 1074 1332; x_wconf 71' lang='lat' dir='ltr'>dentur</span> <span class='ocrx_word' id='word_1_116' title='bbox 1093 1295 1200 1333; x_wconf 84' lang='lat' dir='ltr'>mihi.</span> 
     </span>
     <span class='ocr_line' id='line_1_19' title="bbox 113 1358 1269 1410; baseline 0.004 -16"><span class='ocrx_word' id='word_1_117' title='bbox 113 1378 161 1402; x_wconf 81' lang='lat'>915</span> <span class='ocrx_word' id='word_1_118' title='bbox 236 1358 309 1395; x_wconf 85' lang='lat' dir='ltr'>CH.</span> <span class='ocrx_word' id='word_1_119' title='bbox 343 1358 510 1396; x_wconf 83' lang='lat' dir='ltr'>Derides</span> <span class='ocrx_word' id='word_1_120' title='bbox 530 1359 683 1396; x_wconf 76' lang='lat' dir='ltr'>merito.</span> <span class='ocrx_word' id='word_1_121' title='bbox 712 1359 811 1396; x_wconf 83' lang='lat' dir='ltr'>mihi</span> <span class='ocrx_word' id='word_1_122' title='bbox 830 1373 935 1397; x_wconf 83' lang='lat' dir='ltr'>nunc</span> <span class='ocrx_word' id='word_1_123' title='bbox 955 1373 1025 1410; x_wconf 85' lang='lat' dir='ltr'>ego</span> <span class='ocrx_word' id='word_1_124' title='bbox 1045 1373 1269 1399; x_wconf 84' lang='lat' dir='ltr'>suscenseo:</span> 
     </span>
     <span class='ocr_line' id='line_1_20' title="bbox 236 1424 1161 1475; baseline 0.002 -14"><span class='ocrx_word' id='word_1_125' title='bbox 236 1424 342 1469; x_wconf 73' lang='lat' dir='ltr'>Quot</span> <span class='ocrx_word' id='word_1_126' title='bbox 361 1438 422 1462; x_wconf 84' lang='lat' dir='ltr'>res</span> <span class='ocrx_word' id='word_1_127' title='bbox 443 1425 595 1473; x_wconf 82' lang='lat' dir='ltr'>dedere,</span> <span class='ocrx_word' id='word_1_128' title='bbox 616 1425 686 1461; x_wconf 88' lang='lat' dir='ltr'>ubi</span> <span class='ocrx_word' id='word_1_129' title='bbox 700 1438 851 1475; x_wconf 82' lang='lat' dir='ltr'>possem</span> <span class='ocrx_word' id='word_1_130' title='bbox 871 1426 1161 1475; x_wconf 74' lang='lat' dir='ltr'>persentiscere,</span> 
     </span>
     <span class='ocr_line' id='line_1_21' title="bbox 234 1490 1226 1541; baseline 0.004 -15"><span class='ocrx_word' id='word_1_131' title='bbox 234 1490 291 1526; x_wconf 85' lang='lat' dir='ltr'>Ni</span> <span class='ocrx_word' id='word_1_132' title='bbox 311 1504 433 1528; x_wconf 83' lang='lat' dir='ltr'>essem</span> <span class='ocrx_word' id='word_1_133' title='bbox 452 1491 552 1541; x_wconf 79' lang='lat' dir='ltr'>lapis</span> <span class='ocrx_word' id='word_1_134' title='bbox 569 1493 576 1529; x_wconf 81' lang='lat'>1</span> <span class='ocrx_word' id='word_1_135' title='bbox 607 1504 706 1540; x_wconf 82' lang='lat' dir='ltr'>quae</span> <span class='ocrx_word' id='word_1_136' title='bbox 725 1492 810 1528; x_wconf 87' lang='lat' dir='ltr'>uidi</span> <span class='ocrx_word' id='word_1_137' title='bbox 827 1494 834 1530; x_wconf 71' lang='lat' dir='ltr'>l</span> <span class='ocrx_word' id='word_1_138' title='bbox 865 1506 939 1529; x_wconf 75' lang='lat' dir='ltr'>uae</span> <span class='ocrx_word' id='word_1_139' title='bbox 959 1492 1098 1530; x_wconf 77' lang='lat' dir='ltr'>misero</span> <span class='ocrx_word' id='word_1_140' title='bbox 1118 1492 1226 1530; x_wconf 88' lang='lat' dir='ltr'>mihi.</span> 
     </span>
     <span class='ocr_line' id='line_1_22' title="bbox 234 1557 1492 1613; baseline -0.001 -17"><span class='ocrx_word' id='word_1_141' title='bbox 234 1560 294 1596; x_wconf 68' lang='lat' dir='ltr'>At</span> <span class='ocrx_word' id='word_1_142' title='bbox 313 1571 363 1595; x_wconf 85' lang='lat' dir='ltr'>ne</span> <span class='ocrx_word' id='word_1_143' title='bbox 381 1557 482 1595; x_wconf 83' lang='lat' dir='ltr'>illud</span> <span class='ocrx_word' id='word_1_144' title='bbox 501 1557 607 1594; x_wconf 84' lang='lat' dir='ltr'>haud</span> <span class='ocrx_word' id='word_1_145' title='bbox 626 1557 812 1604; x_wconf 69' lang='lat' dir='ltr'>inultum,</span> <span class='ocrx_word' id='word_1_146' title='bbox 834 1557 867 1593; x_wconf 87' lang='lat' dir='ltr'>si</span> <span class='ocrx_word' id='word_1_147' title='bbox 885 1557 992 1602; x_wconf 90' lang='lat' dir='ltr'>uiuo,</span> <span class='ocrx_word' id='word_1_148' title='bbox 1011 1557 1160 1595; x_wconf 71' lang='lat' dir='ltr'>ferent:</span> <span class='ocrx_word' id='word_1_149' title='bbox 1487 1578 1492 1613; x_wconf 65' lang='lat'><strong>¹</strong></span> 
     </span>
     <span class='ocr_line' id='line_1_23' title="bbox 235 1614 1492 1672; baseline -0.001 -12"><span class='ocrx_word' id='word_1_150' title='bbox 235 1623 341 1660; x_wconf 87' lang='lat' dir='ltr'>Nam</span> <span class='ocrx_word' id='word_1_151' title='bbox 360 1622 454 1659; x_wconf 88' lang='lat' dir='ltr'>iam.</span> <span class='ocrx_word' id='word_1_152' title='bbox 465 1622 577 1660; x_wconf 75' lang='grc' dir='ltr'><strong>..ΜΕ</strong></span> <span class='ocrx_word' id='word_1_153' title='bbox 610 1621 704 1658; x_wconf 87' lang='lat' dir='ltr'>Non</span> <span class='ocrx_word' id='word_1_154' title='bbox 716 1626 761 1659; x_wconf 72' lang='lat' dir='ltr'>tu</span> <span class='ocrx_word' id='word_1_155' title='bbox 777 1626 816 1659; x_wconf 66' lang='lat' dir='ltr'>be</span> <span class='ocrx_word' id='word_1_156' title='bbox 837 1622 992 1659; x_wconf 82' lang='lat' dir='ltr'>cohibes</span> <span class='ocrx_word' id='word_1_157' title='bbox 1007 1624 1020 1661; x_wconf 71' lang='grc' dir='ltr'>’.ἱ</span> <span class='ocrx_word' id='word_1_158' title='bbox 1048 1636 1127 1659; x_wconf 87' lang='lat' dir='ltr'>non</span> <span class='ocrx_word' id='word_1_159' title='bbox 1142 1627 1181 1660; x_wconf 70' lang='lat' dir='ltr'>te</span> <span class='ocrx_word' id='word_1_160' title='bbox 1195 1622 1374 1672; x_wconf 70' lang='lat' dir='ltr'>respicis?</span> <span class='ocrx_word' id='word_1_161' title='bbox 1489 1614 1492 1659; x_wconf 84' lang='lat'>!</span> 
     </span>
     <span class='ocr_line' id='line_1_24' title="bbox 112 1685 1375 1736; baseline -0.002 -11"><span class='ocrx_word' id='word_1_162' title='bbox 112 1701 162 1725; x_wconf 84' lang='lat'>920</span> <span class='ocrx_word' id='word_1_163' title='bbox 234 1687 328 1724; x_wconf 86' lang='lat' dir='ltr'>Non</span> <span class='ocrx_word' id='word_1_164' title='bbox 353 1687 429 1723; x_wconf 77' lang='lat' dir='ltr'>‘cibi</span> <span class='ocrx_word' id='word_1_165' title='bbox 462 1699 531 1736; x_wconf 84' lang='lat' dir='ltr'>ego</span> <span class='ocrx_word' id='word_1_166' title='bbox 557 1685 730 1735; x_wconf 80' lang='lat' dir='ltr'>exempli</span> <span class='ocrx_word' id='word_1_167' title='bbox 767 1685 863 1723; x_wconf 72' lang='lat' dir='ltr'>satis</span> <span class='ocrx_word' id='word_1_168' title='bbox 899 1687 1013 1723; x_wconf 65' lang='lat' dir='ltr'>sum‘e</span> <span class='ocrx_word' id='word_1_169' title='bbox 1059 1686 1131 1723; x_wconf 84' lang='lat' dir='ltr'>CH.</span> <span class='ocrx_word' id='word_1_170' title='bbox 1174 1686 1274 1723; x_wconf 84' lang='lat' dir='ltr'>Prae</span> <span class='ocrx_word' id='word_1_171' title='bbox 1304 1687 1375 1723; x_wconf 83' lang='lat' dir='ltr'>ira-</span> 
     </span>
     <span class='ocr_line' id='line_1_25' title="bbox 341 1752 495 1797; baseline 0 -9"><span class='ocrx_word' id='word_1_172' title='bbox 341 1752 495 1797; x_wconf 86' lang='lat' dir='ltr'>cundia,</span> 
     </span>
     <span class='ocr_line' id='line_1_26' title="bbox 233 1816 1373 1867; baseline -0.002 -12"><span class='ocrx_word' id='word_1_173' title='bbox 233 1818 474 1863; x_wconf 83' lang='lat' dir='ltr'>Menedeme,</span> <span class='ocrx_word' id='word_1_174' title='bbox 489 1830 568 1854; x_wconf 86' lang='lat' dir='ltr'>non</span> <span class='ocrx_word' id='word_1_175' title='bbox 584 1830 671 1854; x_wconf 88' lang='lat' dir='ltr'>sum</span> <span class='ocrx_word' id='word_1_176' title='bbox 683 1817 787 1866; x_wconf 86' lang='lat' dir='ltr'>apud</span> <span class='ocrx_word' id='word_1_177' title='bbox 803 1830 875 1854; x_wconf 87' lang='lat' dir='ltr'>me.</span> <span class='ocrx_word' id='word_1_178' title='bbox 912 1816 994 1854; x_wconf 86' lang='grc' dir='ltr'>ΜΕ.</span> <span class='ocrx_word' id='word_1_179' title='bbox 1014 1816 1118 1854; x_wconf 87' lang='lat' dir='ltr'>Tene</span> <span class='ocrx_word' id='word_1_180' title='bbox 1133 1817 1233 1854; x_wconf 74' lang='lat' dir='ltr'>istuc</span> <span class='ocrx_word' id='word_1_181' title='bbox 1248 1817 1354 1867; x_wconf 88' lang='lat' dir='ltr'>loqui</span> <span class='ocrx_word' id='word_1_182' title='bbox 1368 1819 1373 1853; x_wconf 74' lang='lat' dir='ltr'>t</span> 
     </span>
     <span class='ocr_line' id='line_1_27' title="bbox 234 1881 1211 1933; baseline -0.003 -12"><span class='ocrx_word' id='word_1_183' title='bbox 234 1884 377 1921; x_wconf 85' lang='lat' dir='ltr'>Nonne</span> <span class='ocrx_word' id='word_1_184' title='bbox 396 1883 438 1920; x_wconf 91' lang='lat' dir='ltr'>id</span> <span class='ocrx_word' id='word_1_185' title='bbox 457 1883 702 1933; x_wconf 69' lang='lat' dir='ltr'>flagitiumst,</span> <span class='ocrx_word' id='word_1_186' title='bbox 719 1887 759 1919; x_wconf 77' lang='lat' dir='ltr'>&#39;ce</span> <span class='ocrx_word' id='word_1_187' title='bbox 777 1882 865 1919; x_wconf 84' lang='lat' dir='ltr'>aliis</span> <span class='ocrx_word' id='word_1_188' title='bbox 884 1882 1089 1918; x_wconf 82' lang='lat' dir='ltr'>consilium</span> <span class='ocrx_word' id='word_1_189' title='bbox 1108 1881 1211 1928; x_wconf 86' lang='lat' dir='ltr'>dare,</span> 
     </span>
     <span class='ocr_line' id='line_1_28' title="bbox 232 1944 1199 1996; baseline -0.004 -11"><span class='ocrx_word' id='word_1_190' title='bbox 232 1947 347 1985; x_wconf 86' lang='lat' dir='ltr'>Foris</span> <span class='ocrx_word' id='word_1_191' title='bbox 367 1960 512 1996; x_wconf 79' lang='lat' dir='ltr'>sapere,</span> <span class='ocrx_word' id='word_1_192' title='bbox 533 1947 608 1984; x_wconf 74' lang='lat' dir='ltr'>tibi</span> <span class='ocrx_word' id='word_1_193' title='bbox 628 1960 707 1983; x_wconf 84' lang='lat' dir='ltr'>non</span> <span class='ocrx_word' id='word_1_194' title='bbox 728 1946 830 1996; x_wconf 76' lang='lat' dir='ltr'>potis</span> <span class='ocrx_word' id='word_1_195' title='bbox 849 1958 926 1983; x_wconf 81' lang='lat' dir='ltr'>esse</span> <span class='ocrx_word' id='word_1_196' title='bbox 945 1944 1199 1982; x_wconf 59' lang='lat' dir='ltr'>auxiliaria-2</span> 
     </span>
     <span class='ocr_line' id='line_1_29' title="bbox 179 2010 1370 2060; baseline -0.002 -10"><span class='ocrx_word' id='word_1_197' title='bbox 179 2014 251 2050; x_wconf 77' lang='lat' dir='ltr'>CH.</span> <span class='ocrx_word' id='word_1_198' title='bbox 270 2013 375 2058; x_wconf 88' lang='lat' dir='ltr'>Quid</span> <span class='ocrx_word' id='word_1_199' title='bbox 389 2012 552 2050; x_wconf 70' lang='lat' dir='ltr'>saeiam2</span> <span class='ocrx_word' id='word_1_200' title='bbox 578 2011 659 2049; x_wconf 87' lang='grc' dir='ltr'>ΜΕ.</span> <span class='ocrx_word' id='word_1_201' title='bbox 676 2011 725 2047; x_wconf 90' lang='lat' dir='ltr'>Id</span> <span class='ocrx_word' id='word_1_202' title='bbox 740 2010 844 2060; x_wconf 85' lang='lat' dir='ltr'>quod</span> <span class='ocrx_word' id='word_1_203' title='bbox 856 2023 917 2047; x_wconf 88' lang='lat' dir='ltr'>me</span> <span class='ocrx_word' id='word_1_204' title='bbox 931 2010 1066 2047; x_wconf 86' lang='lat' dir='ltr'>fecisse</span> <span class='ocrx_word' id='word_1_205' title='bbox 1081 2010 1210 2047; x_wconf 82' lang='lat' dir='ltr'>aiebas</span> <span class='ocrx_word' id='word_1_206' title='bbox 1223 2023 1370 2060; x_wconf 81' lang='lat' dir='ltr'>parum.</span> 
     </span>
     <span class='ocr_line' id='line_1_30' title="bbox 110 2073 1161 2126; baseline -0.004 -12"><span class='ocrx_word' id='word_1_207' title='bbox 110 2090 159 2114; x_wconf 69' lang='lat'>925</span> <span class='ocrx_word' id='word_1_208' title='bbox 234 2078 311 2114; x_wconf 82' lang='lat' dir='ltr'>Fac</span> <span class='ocrx_word' id='word_1_209' title='bbox 331 2081 371 2114; x_wconf 69' lang='lat' dir='ltr'>‘ce</span> <span class='ocrx_word' id='word_1_210' title='bbox 391 2081 545 2126; x_wconf 73' lang='lat' dir='ltr'>patrem</span> <span class='ocrx_word' id='word_1_211' title='bbox 565 2088 646 2113; x_wconf 87' lang='lat' dir='ltr'>esse</span> <span class='ocrx_word' id='word_1_212' title='bbox 666 2075 812 2112; x_wconf 70' lang='lat' dir='ltr'>sentiat</span> <span class='ocrx_word' id='word_1_213' title='bbox 831 2088 838 2111; x_wconf 92' lang='lat'>:</span> <span class='ocrx_word' id='word_1_214' title='bbox 867 2073 930 2111; x_wconf 79' lang='lat' dir='ltr'>fao</span> <span class='ocrx_word' id='word_1_215' title='bbox 949 2079 995 2110; x_wconf 72' lang='lat' dir='ltr'>ub</span> <span class='ocrx_word' id='word_1_216' title='bbox 1015 2074 1161 2110; x_wconf 69' lang='lat' dir='ltr'>audeat</span> 
     </span>
     <span class='ocr_line' id='line_1_31' title="bbox 231 2140 1217 2189; baseline -0.002 -12"><span class='ocrx_word' id='word_1_217' title='bbox 231 2141 319 2178; x_wconf 88' lang='lat' dir='ltr'>Tibi</span> <span class='ocrx_word' id='word_1_218' title='bbox 339 2141 492 2179; x_wconf 85' lang='lat' dir='ltr'>credere</span> <span class='ocrx_word' id='word_1_219' title='bbox 512 2140 655 2187; x_wconf 88' lang='lat' dir='ltr'>omnia,</span> <span class='ocrx_word' id='word_1_220' title='bbox 676 2140 743 2176; x_wconf 87' lang='lat' dir='ltr'>abs</span> <span class='ocrx_word' id='word_1_221' title='bbox 762 2144 801 2176; x_wconf 69' lang='lat' dir='ltr'>te</span> <span class='ocrx_word' id='word_1_222' title='bbox 821 2143 953 2189; x_wconf 71' lang='lat' dir='ltr'>petere</span> <span class='ocrx_word' id='word_1_223' title='bbox 980 2143 1020 2176; x_wconf 66' lang='lat' dir='ltr'>et</span> <span class='ocrx_word' id='word_1_224' title='bbox 1039 2151 1193 2189; x_wconf 85' lang='lat' dir='ltr'>poscere</span> <span class='ocrx_word' id='word_1_225' title='bbox 1211 2154 1217 2176; x_wconf 90' lang='lat'><strong>:</strong></span> 
     </span>
     <span class='ocr_line' id='line_1_32' title="bbox 231 2204 1208 2256; baseline -0.003 -13"><span class='ocrx_word' id='word_1_226' title='bbox 231 2206 415 2256; x_wconf 80' lang='lat' dir='ltr'>Nequam</span> <span class='ocrx_word' id='word_1_227' title='bbox 435 2206 553 2243; x_wconf 78' lang='lat' dir='ltr'>aliam</span> <span class='ocrx_word' id='word_1_228' title='bbox 574 2209 738 2255; x_wconf 71' lang='lat' dir='ltr'>quaerat</span> <span class='ocrx_word' id='word_1_229' title='bbox 753 2204 903 2254; x_wconf 83' lang='lat' dir='ltr'>copiam</span> <span class='ocrx_word' id='word_1_230' title='bbox 924 2217 968 2241; x_wconf 86' lang='lat' dir='ltr'>ac</span> <span class='ocrx_word' id='word_1_231' title='bbox 987 2208 1027 2241; x_wconf 71' lang='lat' dir='ltr'>te</span> <span class='ocrx_word' id='word_1_232' title='bbox 1048 2204 1208 2241; x_wconf 71' lang='lat' dir='ltr'>(leserat.</span> 
     </span>
    </p>
   </div>
  </div>
 </body>
</html>
