1492 2537
103 141 150 178 II
165 142 187 179 3
204 141 337 178 123-4
359 141 392 179 3.
489 139 565 177 ΗΑ
580 139 727 178 VTON
744 138 924 178 TIMOR
933 138 1162 178 VMENOS.
1246 141 1291 176 21

103 229 168 266 SY.
227 228 277 265 In
296 232 469 277 tempore
488 227 537 264 ad
556 240 639 264 eam
661 227 764 273 ueni,
787 226 890 276 quod
910 239 1041 263 rerum
1061 226 1278 264 omniumst

154 293 356 330 Primum:
385 305 476 328 nam
496 292 691 341 quendam
709 291 849 328 misere
869 290 1016 327 offendi
1034 290 1203 327 militem
1316 297 1363 327 365

153 358 250 395 Eius
269 361 422 395 noctem
441 362 619 394 orantem
635 371 643 394 :
671 357 766 394 haec
785 360 870 393 arte
889 357 1087 393 tractabat
1106 356 1250 401 uirum,

155 422 217 460 Vt
236 423 342 459 illius
361 422 535 459 animum
556 421 739 471 cupidum
760 421 895 471 inopia
913 422 1138 458 incenderet
1155 436 1164 459 ε

155 487 380 536 Eademque
398 490 445 523 ut
464 490 563 523 esset
582 486 687 536 apud
708 490 746 523 te
765 486 837 523 hoc
851 499 970 536 quam
988 487 1278 536 gratissumum.

155 551 232 588 Sed
251 551 348 588 heus
366 554 423 598 tu,
443 550 534 587 uide
555 550 607 587 sis
626 549 773 598 nequid
793 549 1009 599 inprudens
1029 563 1131 588 ruas,

154 615 314 652 Patrem
332 614 480 651 nouisti
499 614 548 650 ad
567 614 637 650 has
656 626 718 650 res
737 627 855 663 quam
875 614 927 650 sit
945 614 1149 663 perspicax
1168 628 1176 650 :
1316 642 1365 665 37„

154 679 237 730 Ego
256 683 295 716 te
310 683 442 716 autem
462 678 555 715 noui
575 691 693 727 quam
713 690 794 714 esse
813 678 935 714 soleas
953 678 1135 727 inpotens
1153 692 1161 715 :

153 744 317 781 Inuersa
335 744 465 789 uerba,
487 755 641 780 euersas
659 743 821 780 ceruicis
842 747 941 788 tuas,

154 809 344 855 Gemitus,
366 812 549 853 screatus,
569 807 700 854 tussis,
721 808 821 845 risus
839 808 1002 845 abstine.

100 874 207 912 CLIT.
239 874 445 911 Laudabis.
504 873 568 911 ΞΥ.
600 872 708 909 Vide
727 873 791 911 sis.
850 872 958 911 CLIT.
988 872 1166 910 Tutimet
1184 873 1297 910 mira-

259 940 360 976 bere.

99 1004 164 1041 SY.
196 1003 272 1041 Sed
291 1016 409 1053 quam
427 1002 505 1040 cito
525 1007 617 1040 sunt
636 1007 864 1041 consecutae
882 1003 1085 1041 mulieres!
1318 1029 1366 1053 375

99 1069 209 1106 CLIT.
239 1069 323 1105 Vbi
343 1069 457 1106 sunt?
512 1081 611 1118 quor
635 1068 801 1106 retinesi
858 1068 925 1106 Sy,
955 1068 1042 1104 Iam
1070 1080 1176 1105 nunc
1203 1067 1297 1106 haec

259 1146 339 1170 non
358 1137 418 1170 est
437 1136 515 1170 tua.

100 1198 207 1236 CLIT.
239 1198 337 1245 Scio,
359 1198 462 1248 apud
481 1202 657 1247 patrem:
685 1202 728 1235 at
749 1211 856 1236 nunc
874 1199 1046 1237 interim.
1106 1200 1170 1238 SY.
1201 1200 1296 1237 Nilo

257 1264 391 1313 magis.

98 1329 203 1366 Cm.
237 1329 339 1366 Sine.
399 1328 465 1366 SY.
496 1328 590 1365 Non
615 1328 740 1365 sinam
769 1329 942 1378 inquam.
1003 1329 1108 1367 Om.
1143 1330 1294 1375 Quaeso

256 1393 462 1445 paulisper.
520 1394 585 1432 SY.
609 1394 724 1432 Veto,

97 1459 205 1497 Cm.
238 1459 387 1497 Saltem
406 1459 582 1496 salutem.
616 1458 680 1496 SY.
703 1458 837 1496 Abeas
856 1460 888 1496 si
915 1460 1051 1509 sapias.
1084 1460 1192 1498 cm.
1217 1460 1293 1497 Eo:

150 1525 255 1571 Quid
270 1525 382 1562 istic?
427 1525 490 1562 SY.
524 1524 716 1564 Manebit.
763 1525 869 1562 CLIT.
898 1525 1112 1562 Hominem
1127 1526 1288 1563 felicem.
1315 1543 1365 1574 330

256 1589 321 1627 ΞΥ.
353 1589 539 1626 Ambula.

239 1732 429 1770 BAcoms.
488 1732 736 1770 ANTIPHILA.
797 1731 952 1770 CLINIA.
1013 1732 1152 1770 SYRvs.

95 1837 166 1875 BA.
203 1837 352 1940 Edepiol
381 1841 432 1884 te,
464 1850 551 1874 mea
583 1835 806 1885 Antiphila,
838 1836 953 1873 laudo
982 1840 1021 1873 et
1049 1836 1290 1873 fortunatam
1310 1838 1374 1908 ΙΙΙ-ξ

253 1916 294 1939 1u
324 1915 394 1950 lco,

148 1969 197 2007 Id
219 1974 264 2006 tu
291 1981 410 2018 quom
438 1966 635 2014 studuisti,
666 1966 814 2004 formae
842 1971 888 2004 ut
916 1979 1042 2004 mores
1071 1967 1291 2004 consimiles

253 2033 382 2070 forent
400 2045 408 2069 :

148 2097 416 2147 Minumeque,
437 2097 495 2134 ita
513 2109 576 2134 me
596 2096 636 2133 di
655 2100 799 2142 ament,
821 2095 941 2133 miror
968 2095 1001 2133 si
1029 2099 1068 2133 te
1094 2095 1170 2133 sibi
1188 2096 1290 2146 quis-

253 2175 328 2212 que
347 2161 509 2212 expetit.

203 2239 232 2268 s.
250 2240 283 2266 T.
1158 2227 1182 2262 4
