<?xml version="1.0" encoding="UTF-8"?>
<!DOCTYPE html PUBLIC "-//W3C//DTD XHTML 1.0 Transitional//EN"
    "http://www.w3.org/TR/xhtml1/DTD/xhtml1-transitional.dtd">
<html xmlns="http://www.w3.org/1999/xhtml" xml:lang="en" lang="en">
 <head>
  <title>
</title>
<meta http-equiv="Content-Type" content="text/html;charset=utf-8" />
  <meta name='ocr-system' content='tesseract 3.04.00' />
  <meta name='ocr-capabilities' content='ocr_page ocr_carea ocr_par ocr_line ocrx_word'/>
</head>
<body>
  <div class='ocr_page' id='page_1' title='image "./hautontimorumeno00tereuoft_0060.png"; bbox 0 0 1492 2537; ppageno 0'>
   <div class='ocr_carea' id='block_1_1' title="bbox 147 148 1339 189">
    <p class='ocr_par' dir='ltr' id='par_1_1' title="bbox 147 148 1339 189">
     <span class='ocr_line' id='line_1_1' title="bbox 147 148 1339 189; baseline 0.002 -3"><span class='ocrx_word' id='word_1_1' title='bbox 147 150 196 186; x_wconf 71' lang='lat'>28</span> <span class='ocrx_word' id='word_1_2' title='bbox 292 149 369 187; x_wconf 79' lang='lat' dir='ltr'>HA</span> <span class='ocrx_word' id='word_1_3' title='bbox 381 148 527 189; x_wconf 79' lang='lat' dir='ltr'><em>VTON</em></span> <span class='ocrx_word' id='word_1_4' title='bbox 551 148 730 187; x_wconf 71' lang='lat' dir='ltr'><em>TIJJOR</em></span> <span class='ocrx_word' id='word_1_5' title='bbox 739 148 968 188; x_wconf 75' lang='lat' dir='ltr'><strong><em>VMENOS.</em></strong></span> <span class='ocrx_word' id='word_1_6' title='bbox 1063 149 1133 186; x_wconf 89' lang='lat' dir='ltr'>III</span> <span class='ocrx_word' id='word_1_7' title='bbox 1155 150 1176 187; x_wconf 82' lang='lat'>2</span> <span class='ocrx_word' id='word_1_8' title='bbox 1201 150 1300 187; x_wconf 81' lang='lat'>1—2</span> <span class='ocrx_word' id='word_1_9' title='bbox 1306 150 1339 188; x_wconf 90' lang='lat'>3.</span> 
     </span>
    </p>
   </div>
   <div class='ocr_carea' id='block_1_2' title="bbox 537 273 944 311">
    <p class='ocr_par' dir='ltr' id='par_1_2' title="bbox 537 273 944 311">
     <span class='ocr_line' id='line_1_2' title="bbox 537 273 944 311; baseline 0 0"><span class='ocrx_word' id='word_1_10' title='bbox 537 274 677 311; x_wconf 77' lang='lat' dir='ltr'>SYRVS.</span> <span class='ocrx_word' id='word_1_11' title='bbox 737 273 944 311; x_wconf 78' lang='lat' dir='ltr'><strong>CHREMES.</strong></span> 
     </span>
    </p>
   </div>
   <div class='ocr_carea' id='block_1_3' title="bbox 19 362 1314 433">
    <p class='ocr_par' dir='ltr' id='par_1_3' title="bbox 19 362 1314 433">
     <span class='ocr_line' id='line_1_3' title="bbox 19 362 1314 433; baseline -0.002 -29"><span class='ocrx_word' id='word_1_12' title='bbox 19 362 122 433; x_wconf 43' lang='lat' dir='ltr'>{HJ}</span> <span class='ocrx_word' id='word_1_13' title='bbox 144 365 209 405; x_wconf 78' lang='lat' dir='ltr'>SY.</span> <span class='ocrx_word' id='word_1_14' title='bbox 269 366 359 403; x_wconf 83' lang='lat' dir='ltr'>Hac</span> <span class='ocrx_word' id='word_1_15' title='bbox 380 365 472 403; x_wconf 84' lang='lat' dir='ltr'>illac</span> <span class='ocrx_word' id='word_1_16' title='bbox 491 365 770 404; x_wconf 77' lang='lat' dir='ltr'>circumcursa:</span> <span class='ocrx_word' id='word_1_17' title='bbox 800 364 1090 402; x_wconf 86' lang='lat' dir='ltr'>inueniundum</span> <span class='ocrx_word' id='word_1_18' title='bbox 1110 377 1151 402; x_wconf 88' lang='lat' dir='ltr'>es</span> <span class='ocrx_word' id='word_1_19' title='bbox 1169 370 1314 412; x_wconf 86' lang='lat' dir='ltr'>tamen,</span> 
     </span>
    </p>
   </div>
   <div class='ocr_carea' id='block_1_4' title="bbox 72 576 119 598">
    <p class='ocr_par' dir='ltr' id='par_1_4' title="bbox 72 576 119 598">
     <span class='ocr_line' id='line_1_4' title="bbox 72 576 119 598; baseline 0 0"><span class='ocrx_word' id='word_1_20' title='bbox 72 576 119 598; x_wconf 82' lang='lat'>515</span> 
     </span>
    </p>
   </div>
   <div class='ocr_carea' id='block_1_5' title="bbox 142 429 1342 996">
    <p class='ocr_par' dir='ltr' id='par_1_5' title="bbox 142 429 1342 996">
     <span class='ocr_line' id='line_1_5' title="bbox 200 429 1151 480; baseline 0 -13"><span class='ocrx_word' id='word_1_21' title='bbox 200 431 447 480; x_wconf 68' lang='lat' dir='ltr'>Argentum,</span> <span class='ocrx_word' id='word_1_22' title='bbox 477 429 718 466; x_wconf 87' lang='lat' dir='ltr'>intendenda</span> <span class='ocrx_word' id='word_1_23' title='bbox 737 429 780 465; x_wconf 87' lang='lat' dir='ltr'>in</span> <span class='ocrx_word' id='word_1_24' title='bbox 800 434 970 466; x_wconf 85' lang='lat' dir='ltr'>senemst</span> <span class='ocrx_word' id='word_1_25' title='bbox 988 430 1151 468; x_wconf 82' lang='lat' dir='ltr'>fallacia.</span> 
     </span>
     <span class='ocr_line' id='line_1_6' title="bbox 144 493 1233 541; baseline -0.003 -7"><span class='ocrx_word' id='word_1_26' title='bbox 144 497 220 534; x_wconf 75' lang='lat' dir='ltr'>Cu.</span> <span class='ocrx_word' id='word_1_27' title='bbox 269 496 380 532; x_wconf 85' lang='lat' dir='ltr'>Num</span> <span class='ocrx_word' id='word_1_28' title='bbox 400 508 462 532; x_wconf 85' lang='lat' dir='ltr'>me</span> <span class='ocrx_word' id='word_1_29' title='bbox 481 494 622 531; x_wconf 89' lang='lat' dir='ltr'>fefellit</span> <span class='ocrx_word' id='word_1_30' title='bbox 641 493 756 531; x_wconf 87' lang='lat' dir='ltr'>hosce</span> <span class='ocrx_word' id='word_1_31' title='bbox 775 493 816 530; x_wconf 88' lang='lat' dir='ltr'>id</span> <span class='ocrx_word' id='word_1_32' title='bbox 835 499 986 530; x_wconf 83' lang='lat' dir='ltr'>struere</span> <span class='ocrx_word' id='word_1_33' title='bbox 996 495 1008 531; x_wconf 68' lang='grc' dir='ltr'>’Ζ</span> <span class='ocrx_word' id='word_1_34' title='bbox 1038 494 1233 541; x_wconf 84' lang='lat' dir='ltr'>uidelicet,</span> 
     </span>
     <span class='ocr_line' id='line_1_7' title="bbox 199 558 1023 605; baseline -0.001 -9"><span class='ocrx_word' id='word_1_35' title='bbox 199 559 302 605; x_wconf 71' lang='lat' dir='ltr'>Quia</span> <span class='ocrx_word' id='word_1_36' title='bbox 322 559 473 597; x_wconf 76' lang='lat' dir='ltr'>Cliniae</span> <span class='ocrx_word' id='word_1_37' title='bbox 492 558 559 596; x_wconf 90' lang='lat' dir='ltr'>ille</span> <span class='ocrx_word' id='word_1_38' title='bbox 578 571 711 595; x_wconf 85' lang='lat' dir='ltr'>seruos</span> <span class='ocrx_word' id='word_1_39' title='bbox 730 558 1023 605; x_wconf 71' lang='lat' dir='ltr'>tardiusculust,</span> 
     </span>
     <span class='ocr_line' id='line_1_8' title="bbox 198 623 1050 673; baseline -0.001 -11"><span class='ocrx_word' id='word_1_40' title='bbox 198 625 349 662; x_wconf 80' lang='lat' dir='ltr'>Idcirco</span> <span class='ocrx_word' id='word_1_41' title='bbox 369 624 460 661; x_wconf 87' lang='lat' dir='ltr'>huic</span> <span class='ocrx_word' id='word_1_42' title='bbox 479 629 614 660; x_wconf 85' lang='lat' dir='ltr'>nostro</span> <span class='ocrx_word' id='word_1_43' title='bbox 633 623 818 660; x_wconf 82' lang='lat' dir='ltr'>traditast</span> <span class='ocrx_word' id='word_1_44' title='bbox 837 624 1050 673; x_wconf 77' lang='lat' dir='ltr'>prouincia.</span> 
     </span>
     <span class='ocr_line' id='line_1_9' title="bbox 142 688 1342 738; baseline 0 -12"><span class='ocrx_word' id='word_1_45' title='bbox 142 689 208 727; x_wconf 79' lang='lat' dir='ltr'>SY.</span> <span class='ocrx_word' id='word_1_46' title='bbox 255 689 352 734; x_wconf 81' lang='lat' dir='ltr'>Quis</span> <span class='ocrx_word' id='word_1_47' title='bbox 370 689 434 726; x_wconf 87' lang='lat' dir='ltr'>hic</span> <span class='ocrx_word' id='word_1_48' title='bbox 454 688 653 738; x_wconf 55' lang='lat' dir='ltr'>loquitur}</span> <span class='ocrx_word' id='word_1_49' title='bbox 694 688 804 738; x_wconf 87' lang='lat' dir='ltr'>perii.</span> <span class='ocrx_word' id='word_1_50' title='bbox 836 701 932 724; x_wconf 91' lang='lat' dir='ltr'>num</span> <span class='ocrx_word' id='word_1_51' title='bbox 950 702 1043 725; x_wconf 86' lang='lat' dir='ltr'>nam</span> <span class='ocrx_word' id='word_1_52' title='bbox 1057 689 1151 726; x_wconf 82' lang='lat' dir='ltr'>haec</span> <span class='ocrx_word' id='word_1_53' title='bbox 1166 689 1342 726; x_wconf 65' lang='lat' dir='ltr'>audiuit?</span> 
     </span>
     <span class='ocr_line' id='line_1_10' title="bbox 307 752 823 803; baseline -0.004 -12"><span class='ocrx_word' id='word_1_54' title='bbox 307 754 381 792; x_wconf 84' lang='lat' dir='ltr'>CH.</span> <span class='ocrx_word' id='word_1_55' title='bbox 434 753 542 803; x_wconf 81' lang='lat' dir='ltr'>Syre.</span> <span class='ocrx_word' id='word_1_56' title='bbox 591 752 657 790; x_wconf 82' lang='lat' dir='ltr'>SY.</span> <span class='ocrx_word' id='word_1_57' title='bbox 703 753 823 790; x_wconf 85' lang='lat' dir='ltr'><strong>Hem.</strong></span> 
     </span>
     <span class='ocr_line' id='line_1_11' title="bbox 143 817 1341 867; baseline 0.002 -12"><span class='ocrx_word' id='word_1_58' title='bbox 143 818 217 856; x_wconf 81' lang='lat' dir='ltr'>CH.</span> <span class='ocrx_word' id='word_1_59' title='bbox 267 817 373 863; x_wconf 81' lang='lat' dir='ltr'>Quid</span> <span class='ocrx_word' id='word_1_60' title='bbox 393 822 438 854; x_wconf 90' lang='lat' dir='ltr'>tu</span> <span class='ocrx_word' id='word_1_61' title='bbox 456 817 567 854; x_wconf 63' lang='lat' dir='ltr'>istic?</span> <span class='ocrx_word' id='word_1_62' title='bbox 616 817 682 855; x_wconf 83' lang='lat' dir='ltr'>SY.</span> <span class='ocrx_word' id='word_1_63' title='bbox 727 817 862 854; x_wconf 87' lang='lat' dir='ltr'>Recte.</span> <span class='ocrx_word' id='word_1_64' title='bbox 904 817 1085 867; x_wconf 82' lang='lat' dir='ltr'>equidem</span> <span class='ocrx_word' id='word_1_65' title='bbox 1102 822 1142 856; x_wconf 86' lang='lat' dir='ltr'>te</span> <span class='ocrx_word' id='word_1_66' title='bbox 1161 818 1341 866; x_wconf 84' lang='lat' dir='ltr'>demiror,</span> 
     </span>
     <span class='ocr_line' id='line_1_12' title="bbox 304 882 500 928; baseline -0.005 -8"><span class='ocrx_word' id='word_1_67' title='bbox 304 882 500 928; x_wconf 84' lang='lat' dir='ltr'>Chremes,</span> 
     </span>
     <span class='ocr_line' id='line_1_13' title="bbox 196 946 1339 996; baseline 0.002 -11"><span class='ocrx_word' id='word_1_68' title='bbox 196 948 294 985; x_wconf 81' lang='lat' dir='ltr'>Tam</span> <span class='ocrx_word' id='word_1_69' title='bbox 312 960 436 994; x_wconf 82' lang='lat' dir='ltr'>mane,</span> <span class='ocrx_word' id='word_1_70' title='bbox 459 947 526 996; x_wconf 88' lang='lat' dir='ltr'>qui</span> <span class='ocrx_word' id='word_1_71' title='bbox 546 946 631 983; x_wconf 89' lang='lat' dir='ltr'>heri</span> <span class='ocrx_word' id='word_1_72' title='bbox 650 950 806 984; x_wconf 84' lang='lat' dir='ltr'>tantum</span> <span class='ocrx_word' id='word_1_73' title='bbox 826 946 981 984; x_wconf 85' lang='lat' dir='ltr'>biberis.</span> <span class='ocrx_word' id='word_1_74' title='bbox 1014 948 1087 986; x_wconf 77' lang='lat' dir='ltr'>CH.</span> <span class='ocrx_word' id='word_1_75' title='bbox 1120 948 1193 985; x_wconf 90' lang='lat' dir='ltr'>Nil</span> <span class='ocrx_word' id='word_1_76' title='bbox 1212 949 1339 987; x_wconf 82' lang='lat' dir='ltr'>nimis.</span> 
     </span>
    </p>
   </div>
   <div class='ocr_carea' id='block_1_6' title="bbox 108 1012 1174 1061">
    <p class='ocr_par' dir='ltr' id='par_1_6' title="bbox 108 1012 1174 1061">
     <span class='ocr_line' id='line_1_14' title="bbox 108 1012 1174 1061; baseline 0.001 -12"><span class='ocrx_word' id='word_1_77' title='bbox 108 1020 124 1035; x_wconf 88' lang='lat'><em>0</em></span> <span class='ocrx_word' id='word_1_78' title='bbox 143 1012 207 1051; x_wconf 83' lang='lat' dir='ltr'>SY.</span> <span class='ocrx_word' id='word_1_79' title='bbox 259 1013 363 1050; x_wconf 85' lang='lat' dir='ltr'>‘Nil&#39;</span> <span class='ocrx_word' id='word_1_80' title='bbox 385 1012 540 1049; x_wconf 59' lang='lat' dir='ltr'>narras?</span> <span class='ocrx_word' id='word_1_81' title='bbox 577 1012 664 1048; x_wconf 84' lang='lat' dir='ltr'>uisa</span> <span class='ocrx_word' id='word_1_82' title='bbox 682 1016 824 1059; x_wconf 83' lang='lat' dir='ltr'>uerost,</span> <span class='ocrx_word' id='word_1_83' title='bbox 846 1012 949 1061; x_wconf 88' lang='lat' dir='ltr'>quod</span> <span class='ocrx_word' id='word_1_84' title='bbox 969 1012 1047 1048; x_wconf 87' lang='lat' dir='ltr'>dici</span> <span class='ocrx_word' id='word_1_85' title='bbox 1066 1013 1174 1059; x_wconf 84' lang='lat' dir='ltr'>solet,</span> 
     </span>
    </p>
   </div>
   <div class='ocr_carea' id='block_1_7' title="bbox 143 1075 1343 1776">
    <p class='ocr_par' dir='ltr' id='par_1_7' title="bbox 196 1075 1341 1126">
     <span class='ocr_line' id='line_1_15' title="bbox 196 1075 1341 1126; baseline 0.002 -13"><span class='ocrx_word' id='word_1_86' title='bbox 196 1077 370 1126; x_wconf 83' lang='lat' dir='ltr'>Aquilae</span> <span class='ocrx_word' id='word_1_87' title='bbox 382 1080 571 1113; x_wconf 84' lang='lat' dir='ltr'>senectus.</span> <span class='ocrx_word' id='word_1_88' title='bbox 613 1075 688 1114; x_wconf 83' lang='lat' dir='ltr'>CH.</span> <span class='ocrx_word' id='word_1_89' title='bbox 720 1076 835 1113; x_wconf 86' lang='lat' dir='ltr'>Heia.</span> <span class='ocrx_word' id='word_1_90' title='bbox 872 1075 936 1113; x_wconf 66' lang='grc' dir='ltr'>ΞΥ.</span> <span class='ocrx_word' id='word_1_91' title='bbox 968 1075 1118 1113; x_wconf 84' lang='lat' dir='ltr'>Mulier</span> <span class='ocrx_word' id='word_1_92' title='bbox 1132 1078 1341 1123; x_wconf 82' lang='lat' dir='ltr'>commoda,</span> 
     </span>
    </p>

    <p class='ocr_par' dir='ltr' id='par_1_8' title="bbox 198 1140 1343 1243">
     <span class='ocr_line' id='line_1_16' title="bbox 198 1140 1343 1180; baseline 0.002 -2"><span class='ocrx_word' id='word_1_93' title='bbox 198 1141 342 1178; x_wconf 82' lang='lat' dir='ltr'>Faceta</span> <span class='ocrx_word' id='word_1_94' title='bbox 361 1141 456 1177; x_wconf 80' lang='lat' dir='ltr'>haec</span> <span class='ocrx_word' id='word_1_95' title='bbox 476 1140 675 1177; x_wconf 74' lang='lat' dir='ltr'>meretrix.</span> <span class='ocrx_word' id='word_1_96' title='bbox 719 1140 792 1178; x_wconf 77' lang='lat' dir='ltr'>CH,</span> <span class='ocrx_word' id='word_1_97' title='bbox 834 1140 945 1178; x_wconf 79' lang='lat' dir='ltr'>Sane.</span> <span class='ocrx_word' id='word_1_98' title='bbox 990 1140 1058 1178; x_wconf 69' lang='lat' dir='ltr'>Sy,</span> <span class='ocrx_word' id='word_1_99' title='bbox 1091 1141 1203 1179; x_wconf 88' lang='lat' dir='ltr'>Idem</span> <span class='ocrx_word' id='word_1_100' title='bbox 1221 1143 1343 1180; x_wconf 78' lang='lat' dir='ltr'>uisast</span> 
     </span>
     <span class='ocr_line' id='line_1_17' title="bbox 303 1205 402 1243; baseline 0.01 -1"><span class='ocrx_word' id='word_1_101' title='bbox 303 1205 402 1243; x_wconf 64' lang='lat' dir='ltr'>tibi?</span> 
     </span>
    </p>

    <p class='ocr_par' dir='ltr' id='par_1_9' title="bbox 198 1270 1260 1321">
     <span class='ocr_line' id='line_1_18' title="bbox 198 1270 1260 1321; baseline 0.001 -12"><span class='ocrx_word' id='word_1_102' title='bbox 198 1271 253 1309; x_wconf 90' lang='lat' dir='ltr'>Et</span> <span class='ocrx_word' id='word_1_103' title='bbox 273 1271 444 1321; x_wconf 87' lang='lat' dir='ltr'>quidem,</span> <span class='ocrx_word' id='word_1_104' title='bbox 466 1284 540 1317; x_wconf 87' lang='lat' dir='ltr'>ere,</span> <span class='ocrx_word' id='word_1_105' title='bbox 563 1270 688 1307; x_wconf 84' lang='lat' dir='ltr'>forma</span> <span class='ocrx_word' id='word_1_106' title='bbox 706 1270 917 1308; x_wconf 83' lang='lat' dir='ltr'>luculenta.</span> <span class='ocrx_word' id='word_1_107' title='bbox 961 1271 1035 1308; x_wconf 79' lang='lat' dir='ltr'>CH.</span> <span class='ocrx_word' id='word_1_108' title='bbox 1070 1271 1134 1309; x_wconf 83' lang='lat' dir='ltr'>Sic</span> <span class='ocrx_word' id='word_1_109' title='bbox 1154 1272 1260 1310; x_wconf 81' lang='lat' dir='ltr'>satis.</span> 
     </span>
    </p>

    <p class='ocr_par' dir='ltr' id='par_1_10' title="bbox 143 1335 1176 1383">
     <span class='ocr_line' id='line_1_19' title="bbox 143 1335 1176 1383; baseline 0 -10"><span class='ocrx_word' id='word_1_110' title='bbox 143 1336 209 1373; x_wconf 81' lang='lat' dir='ltr'>SY.</span> <span class='ocrx_word' id='word_1_111' title='bbox 268 1336 334 1372; x_wconf 72' lang='lat' dir='ltr'>Ita</span> <span class='ocrx_word' id='word_1_112' title='bbox 352 1348 432 1372; x_wconf 87' lang='lat' dir='ltr'>non</span> <span class='ocrx_word' id='word_1_113' title='bbox 452 1340 497 1372; x_wconf 90' lang='lat' dir='ltr'>ut</span> <span class='ocrx_word' id='word_1_114' title='bbox 515 1335 621 1381; x_wconf 89' lang='lat' dir='ltr'>olim,</span> <span class='ocrx_word' id='word_1_115' title='bbox 642 1335 708 1372; x_wconf 89' lang='lat' dir='ltr'>sed</span> <span class='ocrx_word' id='word_1_116' title='bbox 727 1336 787 1372; x_wconf 91' lang='lat' dir='ltr'>uti</span> <span class='ocrx_word' id='word_1_117' title='bbox 808 1348 924 1383; x_wconf 87' lang='lat' dir='ltr'>nunc,</span> <span class='ocrx_word' id='word_1_118' title='bbox 946 1348 1037 1372; x_wconf 80' lang='lat' dir='ltr'>sane</span> <span class='ocrx_word' id='word_1_119' title='bbox 1057 1336 1176 1377; x_wconf 86' lang='lat' dir='ltr'>bona:</span> 
     </span>
    </p>

    <p class='ocr_par' dir='ltr' id='par_1_11' title="bbox 196 1399 1117 1449">
     <span class='ocr_line' id='line_1_20' title="bbox 196 1399 1117 1449; baseline 0 -11"><span class='ocrx_word' id='word_1_120' title='bbox 196 1401 454 1449; x_wconf 83' lang='lat' dir='ltr'>Minumeque</span> <span class='ocrx_word' id='word_1_121' title='bbox 475 1400 606 1446; x_wconf 86' lang='lat' dir='ltr'>miror,</span> <span class='ocrx_word' id='word_1_122' title='bbox 629 1399 759 1437; x_wconf 82' lang='lat' dir='ltr'>Clinia</span> <span class='ocrx_word' id='word_1_123' title='bbox 778 1399 878 1436; x_wconf 80' lang='lat' dir='ltr'>hanc</span> <span class='ocrx_word' id='word_1_124' title='bbox 897 1400 930 1436; x_wconf 80' lang='lat' dir='ltr'>si</span> <span class='ocrx_word' id='word_1_125' title='bbox 949 1400 1117 1449; x_wconf 83' lang='lat' dir='ltr'>deperit:</span> 
     </span>
    </p>

    <p class='ocr_par' dir='ltr' id='par_1_12' title="bbox 194 1465 1343 1579">
     <span class='ocr_line' id='line_1_21' title="bbox 194 1465 1343 1516; baseline -0.002 -11"><span class='ocrx_word' id='word_1_126' title='bbox 194 1467 270 1505; x_wconf 76' lang='lat' dir='ltr'>Sed</span> <span class='ocrx_word' id='word_1_127' title='bbox 289 1466 409 1503; x_wconf 86' lang='lat' dir='ltr'>habet</span> <span class='ocrx_word' id='word_1_128' title='bbox 429 1472 581 1515; x_wconf 79' lang='lat' dir='ltr'>patrem</span> <span class='ocrx_word' id='word_1_129' title='bbox 601 1465 798 1515; x_wconf 84' lang='lat' dir='ltr'>quendam</span> <span class='ocrx_word' id='word_1_130' title='bbox 822 1466 995 1512; x_wconf 87' lang='lat' dir='ltr'>auidum,</span> <span class='ocrx_word' id='word_1_131' title='bbox 1018 1465 1205 1503; x_wconf 86' lang='lat' dir='ltr'>miserum</span> <span class='ocrx_word' id='word_1_132' title='bbox 1223 1471 1343 1516; x_wconf 84' lang='lat' dir='ltr'>atque</span> 
     </span>
     <span class='ocr_line' id='line_1_22' title="bbox 302 1533 469 1579; baseline 0 -10"><span class='ocrx_word' id='word_1_133' title='bbox 302 1533 469 1579; x_wconf 85' lang='lat' dir='ltr'>aridum,</span> 
     </span>
    </p>

    <p class='ocr_par' dir='ltr' id='par_1_13' title="bbox 193 1596 1217 1646">
     <span class='ocr_line' id='line_1_23' title="bbox 193 1596 1217 1646; baseline -0.002 -11"><span class='ocrx_word' id='word_1_134' title='bbox 193 1598 384 1635; x_wconf 84' lang='lat' dir='ltr'>Vicinum</span> <span class='ocrx_word' id='word_1_135' title='bbox 402 1597 524 1636; x_wconf 87' lang='lat' dir='ltr'>hunc:</span> <span class='ocrx_word' id='word_1_136' title='bbox 554 1597 725 1634; x_wconf 67' lang='lat' dir='ltr'>nouistil</span> <span class='ocrx_word' id='word_1_137' title='bbox 764 1601 806 1634; x_wconf 87' lang='lat' dir='ltr'>at</span> <span class='ocrx_word' id='word_1_138' title='bbox 825 1597 938 1646; x_wconf 81' lang='lat' dir='ltr'>quasi</span> <span class='ocrx_word' id='word_1_139' title='bbox 957 1597 990 1634; x_wconf 91' lang='lat' dir='ltr'>is</span> <span class='ocrx_word' id='word_1_140' title='bbox 1009 1609 1089 1634; x_wconf 90' lang='lat' dir='ltr'>non</span> <span class='ocrx_word' id='word_1_141' title='bbox 1108 1596 1217 1634; x_wconf 88' lang='lat' dir='ltr'>ditiis</span> 
     </span>
    </p>

    <p class='ocr_par' dir='ltr' id='par_1_14' title="bbox 193 1661 1017 1713">
     <span class='ocr_line' id='line_1_24' title="bbox 193 1661 1017 1713; baseline -0.002 -12"><span class='ocrx_word' id='word_1_142' title='bbox 193 1664 395 1711; x_wconf 79' lang='lat' dir='ltr'>Abundet,</span> <span class='ocrx_word' id='word_1_143' title='bbox 418 1667 562 1713; x_wconf 85' lang='lat' dir='ltr'>gnatus</span> <span class='ocrx_word' id='word_1_144' title='bbox 581 1662 664 1699; x_wconf 86' lang='lat' dir='ltr'>eius</span> <span class='ocrx_word' id='word_1_145' title='bbox 683 1662 856 1711; x_wconf 83' lang='lat' dir='ltr'>profugit</span> <span class='ocrx_word' id='word_1_146' title='bbox 875 1661 1017 1711; x_wconf 81' lang='lat' dir='ltr'>inopia.</span> 
     </span>
    </p>

    <p class='ocr_par' dir='ltr' id='par_1_15' title="bbox 195 1726 1315 1776">
     <span class='ocr_line' id='line_1_25' title="bbox 195 1726 1315 1776; baseline -0.002 -10"><span class='ocrx_word' id='word_1_147' title='bbox 195 1730 278 1767; x_wconf 81' lang='lat' dir='ltr'>Scis</span> <span class='ocrx_word' id='word_1_148' title='bbox 297 1742 379 1766; x_wconf 84' lang='lat' dir='ltr'>esse</span> <span class='ocrx_word' id='word_1_149' title='bbox 398 1728 545 1765; x_wconf 75' lang='lat' dir='ltr'>factum</span> <span class='ocrx_word' id='word_1_150' title='bbox 565 1734 611 1764; x_wconf 89' lang='lat' dir='ltr'>ut</span> <span class='ocrx_word' id='word_1_151' title='bbox 631 1728 738 1765; x_wconf 67' lang='lat' dir='ltr'>dico?</span> <span class='ocrx_word' id='word_1_152' title='bbox 782 1727 855 1765; x_wconf 83' lang='lat' dir='ltr'>CH.</span> <span class='ocrx_word' id='word_1_153' title='bbox 898 1726 1003 1772; x_wconf 79' lang='lat' dir='ltr'>Quid</span> <span class='ocrx_word' id='word_1_154' title='bbox 1024 1740 1094 1776; x_wconf 85' lang='lat' dir='ltr'>ego</span> <span class='ocrx_word' id='word_1_155' title='bbox 1113 1727 1157 1763; x_wconf 89' lang='lat' dir='ltr'>ni</span> <span class='ocrx_word' id='word_1_156' title='bbox 1177 1726 1315 1773; x_wconf 64' lang='lat' dir='ltr'>sciam?</span> 
     </span>
    </p>
   </div>
   <div class='ocr_carea' id='block_1_8' title="bbox 107 1792 1342 1843">
    <p class='ocr_par' dir='ltr' id='par_1_16' title="bbox 107 1792 1342 1843">
     <span class='ocr_line' id='line_1_26' title="bbox 107 1792 1342 1843; baseline -0.001 -12"><span class='ocrx_word' id='word_1_157' title='bbox 107 1815 124 1831; x_wconf 82' lang='lat'>0</span> <span class='ocrx_word' id='word_1_158' title='bbox 194 1794 409 1831; x_wconf 84' lang='lat' dir='ltr'>Hominem</span> <span class='ocrx_word' id='word_1_159' title='bbox 425 1793 592 1843; x_wconf 83' lang='lat' dir='ltr'>pistrino</span> <span class='ocrx_word' id='word_1_160' title='bbox 608 1794 781 1843; x_wconf 85' lang='lat' dir='ltr'>dignum.</span> <span class='ocrx_word' id='word_1_161' title='bbox 814 1793 880 1830; x_wconf 69' lang='grc' dir='ltr'>ΞΥ.</span> <span class='ocrx_word' id='word_1_162' title='bbox 918 1792 1066 1838; x_wconf 64' lang='lat' dir='ltr'>Quem?</span> <span class='ocrx_word' id='word_1_163' title='bbox 1099 1792 1174 1829; x_wconf 84' lang='lat' dir='ltr'>CH.</span> <span class='ocrx_word' id='word_1_164' title='bbox 1204 1792 1342 1830; x_wconf 76' lang='lat' dir='ltr'>Istunc</span> 
     </span>
    </p>
   </div>
   <div class='ocr_carea' id='block_1_9' title="bbox 143 1859 1336 2237">
    <p class='ocr_par' dir='ltr' id='par_1_17' title="bbox 143 1859 1336 2237">
     <span class='ocr_line' id='line_1_27' title="bbox 301 1859 499 1896; baseline -0.005 0"><span class='ocrx_word' id='word_1_165' title='bbox 301 1859 499 1896; x_wconf 84' lang='lat' dir='ltr'>seruolum</span> 
     </span>
     <span class='ocr_line' id='line_1_28' title="bbox 195 1923 1217 1973; baseline 0 -11"><span class='ocrx_word' id='word_1_166' title='bbox 195 1925 295 1962; x_wconf 90' lang='lat' dir='ltr'>Dico</span> <span class='ocrx_word' id='word_1_167' title='bbox 315 1923 586 1971; x_wconf 81' lang='lat' dir='ltr'>adulescentis,</span> <span class='ocrx_word' id='word_1_168' title='bbox 635 1923 701 1961; x_wconf 82' lang='lat' dir='ltr'>SY.</span> <span class='ocrx_word' id='word_1_169' title='bbox 747 1923 853 1973; x_wconf 81' lang='lat' dir='ltr'>Syre,</span> <span class='ocrx_word' id='word_1_170' title='bbox 875 1923 950 1960; x_wconf 89' lang='lat' dir='ltr'>tibi</span> <span class='ocrx_word' id='word_1_171' title='bbox 969 1924 1087 1960; x_wconf 88' lang='lat' dir='ltr'>timui</span> <span class='ocrx_word' id='word_1_172' title='bbox 1106 1923 1217 1962; x_wconf 84' lang='lat' dir='ltr'>male.</span> 
     </span>
     <span class='ocr_line' id='line_1_29' title="bbox 143 1989 1336 2040; baseline 0.003 -15"><span class='ocrx_word' id='word_1_173' title='bbox 143 1991 216 2029; x_wconf 83' lang='lat' dir='ltr'>CH.</span> <span class='ocrx_word' id='word_1_174' title='bbox 267 1990 334 2040; x_wconf 89' lang='lat' dir='ltr'>qui</span> <span class='ocrx_word' id='word_1_175' title='bbox 354 2003 488 2039; x_wconf 78' lang='lat' dir='ltr'>passus</span> <span class='ocrx_word' id='word_1_176' title='bbox 508 1996 567 2027; x_wconf 83' lang='lat' dir='ltr'>est</span> <span class='ocrx_word' id='word_1_177' title='bbox 586 1990 627 2027; x_wconf 90' lang='lat' dir='ltr'>id</span> <span class='ocrx_word' id='word_1_178' title='bbox 647 1989 742 2029; x_wconf 86' lang='lat' dir='ltr'>fieri.</span> <span class='ocrx_word' id='word_1_179' title='bbox 801 1990 866 2029; x_wconf 86' lang='lat' dir='ltr'>SY.</span> <span class='ocrx_word' id='word_1_180' title='bbox 914 1989 1020 2035; x_wconf 79' lang='lat' dir='ltr'>Quid</span> <span class='ocrx_word' id='word_1_181' title='bbox 1040 1989 1206 2027; x_wconf 65' lang='lat' dir='ltr'>faceret?</span> <span class='ocrx_word' id='word_1_182' title='bbox 1264 1990 1336 2028; x_wconf 84' lang='lat' dir='ltr'>CH.</span> 
     </span>
     <span class='ocr_line' id='line_1_30' title="bbox 303 2056 456 2105; baseline -0.007 -12"><span class='ocrx_word' id='word_1_183' title='bbox 303 2056 456 2105; x_wconf 62' lang='lat' dir='ltr'>Rogas?</span> 
     </span>
     <span class='ocr_line' id='line_1_31' title="bbox 196 2121 974 2171; baseline 0 -13"><span class='ocrx_word' id='word_1_184' title='bbox 196 2122 364 2171; x_wconf 82' lang='lat' dir='ltr'>Aliquid</span> <span class='ocrx_word' id='word_1_185' title='bbox 384 2122 584 2171; x_wconf 82' lang='lat' dir='ltr'>reperiret,</span> <span class='ocrx_word' id='word_1_186' title='bbox 607 2122 772 2171; x_wconf 83' lang='lat' dir='ltr'>fingeret</span> <span class='ocrx_word' id='word_1_187' title='bbox 791 2121 974 2167; x_wconf 77' lang='lat' dir='ltr'>fallacias,</span> 
     </span>
     <span class='ocr_line' id='line_1_32' title="bbox 197 2171 1132 2237; baseline 0 -14"><span class='ocrx_word' id='word_1_188' title='bbox 197 2187 314 2225; x_wconf 71' lang='lat' dir='ltr'>Vnde</span> <span class='ocrx_word' id='word_1_189' title='bbox 333 2191 433 2224; x_wconf 81' lang='lat' dir='ltr'>esset</span> <span class='ocrx_word' id='word_1_190' title='bbox 452 2187 700 2234; x_wconf 75' lang='lat' dir='ltr'>adulescenti,</span> <span class='ocrx_word' id='word_1_191' title='bbox 721 2187 867 2224; x_wconf 87' lang='lat' dir='ltr'>amicae</span> <span class='ocrx_word' id='word_1_192' title='bbox 877 2171 991 2237; x_wconf 46' lang='lat' dir='ltr'>“quod</span> <span class='ocrx_word' id='word_1_193' title='bbox 1010 2186 1132 2233; x_wconf 85' lang='lat' dir='ltr'>daret,</span> 
     </span>
    </p>
   </div>
  </div>
 </body>
</html>
