1492 2537
127 193 198 231 III
219 193 241 229 2
263 189 431 229 24—50.
499 187 575 225 HA
588 185 734 226 VTON
767 181 1190 222 TIMORVMENOS.
1271 182 1320 219 29

178 280 316 329 Atque
334 277 438 314 hunc
458 275 653 312 difficilem
671 273 847 310 inuitum
866 274 1042 308 seruaret
1060 282 1202 307 senem.
1342 278 1390 302 535

126 344 197 382 SY.
252 342 397 381 Garris.
453 341 528 378 CH.
568 340 680 377 Haec
698 339 803 375 facta
821 338 870 374 ab
889 337 957 374 illo
977 335 1190 385 oportebat,
1214 333 1322 383 Syre.

127 409 194 446 SY.
253 407 341 444 Eho
353 418 496 456 quaeso
508 405 655 451 laudas,
672 404 741 453 qui
756 415 841 440 eros
855 401 1020 438 falluntZ
1062 399 1136 438 CH.
1177 398 1229 436 In
1241 399 1325 436 loco

180 473 266 522 Ego
284 483 378 508 uero
396 470 523 507 laudo.
567 469 633 506 ΞΥ.
665 469 788 505 Recte
808 480 910 504 sane.
957 466 1029 503 On.
1063 464 1256 513 Quippini
1273 466 1289 502 2

181 536 419 586 Magnarum
443 546 556 583 saepe
575 533 614 570 id
635 532 852 569 remedium
871 529 1218 580 aegritudinumst:

187 601 251 639 Vel
268 601 348 638 iam
367 599 460 637 huic
480 599 685 636 mansisset
704 597 843 634 unicus
862 601 1005 646 gnatus
1024 595 1141 632 domi.
1346 601 1395 624 5⁴0

127 667 196 705 SY.
254 666 376 703 Iocon
395 678 446 702 an
465 665 567 701 serio
586 664 652 700 ille
671 663 766 700 haec
786 662 891 699 dicat
909 661 1051 707 nescio,

182 731 273 769 Nisi
292 730 390 767 mihi
410 730 571 780 quidem
589 728 699 765 addit
718 727 906 772 animum,
928 738 1006 775 quo
1026 725 1159 761 lubeat
1178 722 1312 772 magis,

128 798 203 835 CH.
245 798 298 834 Et
316 809 421 833 nunc
441 795 535 845 quid
551 797 743 843 expectat,
761 792 878 841 Syre?
921 804 971 828 an
987 791 1081 828 dum
1093 791 1184 827 hinc
1199 790 1327 826 denuo

180 862 323 907 Abeat,
345 873 464 911 quom
483 860 650 897 tolerare
669 858 777 895 illius
796 861 978 907 sumptus
998 869 1078 893 non
1097 856 1237 906 queat?

183 927 327 965 Nonne
346 926 396 963 ad
415 938 548 962 senem
566 924 740 974 aliquam
758 923 944 960 fabricam
964 922 1099 971 fingit?
1147 921 1213 958 SY.
1245 920 1327 957 Sto-
1346 939 1396 963 545

288 992 392 1029 lidus
412 995 481 1028 est.

129 1059 203 1096 CH.
245 1058 306 1095 At
325 1062 365 1094 te
384 1057 564 1094 adiutare
585 1058 739 1104 oportet
758 1053 1043 1090 adulescentuli

183 1125 318 1162 Causa.
356 1124 421 1162 SY.
463 1123 594 1160 Facile
614 1122 795 1172 equidem
814 1122 938 1158 facere
957 1133 1125 1170 possum,
1147 1120 1182 1157 si
1199 1120 1328 1160 iubes:

182 1189 342 1227 Etenim
361 1202 437 1238 quo
456 1193 570 1237 pacto
589 1188 629 1224 id
648 1187 735 1224 fieri
754 1186 887 1232 soleat,
911 1185 1046 1224 calleo,

129 1255 203 1292 CH.
245 1255 371 1291 Tanto
391 1254 519 1290 hercle
539 1253 685 1289 melior.
719 1251 785 1289 ΞΥ.
819 1251 911 1288 Non
932 1255 991 1288 est
1010 1249 1171 1287 mentiri
1185 1263 1325 1287 meum.

130 1320 203 1358 CH.
246 1319 326 1356 Fac
338 1332 439 1369 ergo.
477 1318 542 1356 ΞΥ.
568 1318 629 1355 At
643 1318 740 1355 heus
752 1321 809 1365 tu,
827 1317 945 1354 facito
965 1317 1059 1353 dum
1081 1316 1215 1353 eadem
1235 1315 1329 1353 haec
1349 1333 1400 1357 550

289 1383 524 1430 memineris,

183 1449 322 1500 Siquid
342 1448 459 1485 huius
479 1447 606 1484 simile
626 1447 727 1484 forte
747 1446 957 1496 aliquando
978 1445 1166 1493 euenerit,

182 1513 242 1549 Vt
262 1517 355 1549 sunt
374 1512 558 1556 humana,
579 1515 667 1547 tuos
686 1514 732 1547 ut
751 1510 870 1547 faciat
889 1510 1003 1547 filius,

131 1578 205 1616 CH.
244 1576 338 1614 Non
352 1589 442 1613 usus
458 1576 602 1622 ueniet,
621 1588 743 1625 spero,
776 1575 842 1614 SY.
877 1575 997 1625 Spero
1016 1574 1144 1612 hercle
1156 1587 1226 1625 ego
1239 1587 1330 1624 quo-

290 1654 365 1691 que
382 1656 389 1679 :

183 1706 324 1756 Neque
344 1718 388 1742 eo
408 1718 513 1741 nunc
533 1704 630 1752 dico,
651 1717 728 1753 quo
750 1704 960 1753 quicquam
980 1703 1094 1740 illum
1114 1703 1319 1741 senserim:

183 1770 260 1808 Sed
279 1770 419 1820 siquid,
440 1769 586 1819 nequid
597 1784 607 1817 3
631 1782 731 1819 quae
751 1769 802 1806 sit
823 1769 906 1806 eius
927 1774 1044 1814 aetas,
1067 1768 1195 1807 uides:
1350 1789 1399 1814 555

184 1837 238 1874 Et
256 1850 306 1874 ne
326 1849 395 1886 ego
414 1841 464 1883 te,
487 1837 520 1873 si
539 1849 633 1873 usus
653 1835 798 1881 ueniat,
820 1835 1035 1884 magnifice,
1058 1835 1253 1881 Chremes,

182 1903 365 1940 Tractare
390 1903 543 1952 possim.
585 1902 658 1939 CH.
703 1901 764 1939 De
783 1902 890 1948 istoc,
912 1914 1030 1951 quom
1050 1914 1144 1938 usus
1162 1902 1328 1947 uenerit,

184 1967 419 2005 Videbimus
438 1967 534 2016 quid
552 1979 650 2016 opus
670 1966 740 2003 sit:
768 1978 872 2002 nunc
897 1965 998 2002 istuc
1021 1978 1102 2015 age.

131 2034 198 2071 SY.
243 2033 471 2083 Numquam
484 2032 722 2069 commodius
735 2044 921 2080 umquam
937 2044 1047 2068 erum
1059 2031 1195 2067 audiui
1209 2031 1327 2081 loqui,

185 2099 271 2136 Nec
290 2112 408 2148 quom
427 2098 527 2135 male
547 2098 672 2134 facere
692 2097 887 2134 crederem
907 2096 963 2132 mi
981 2096 1170 2145 inpunius
1355 2111 1403 2141 560

186 2163 330 2201 Licere.
373 2163 459 2213 quis
486 2176 577 2200 nam
599 2176 622 2200 a
640 2162 752 2200 nobis
772 2161 969 2212 egreditur
988 2162 1113 2199 forasZ
