1492 2537
586 590 806 639 ACTVS
854 591 943 638 IV.

312 763 526 800 SOSTRATA.
587 761 792 799 CHREMES.
850 760 1026 798 Nv'rmx.
1086 760 1223 799 SYRVS.

59 873 114 912 IV
131 875 149 904 1
169 871 232 909 So.
278 871 369 908 Nisi
383 884 445 907 me
460 870 615 907 animus
630 869 746 916 fallit,
762 869 826 906 hic
847 870 1058 919 profectost
1078 870 1232 917 anulus,
1249 883 1366 920 quem

69 920 152 946 ¹—u
329 949 399 986 ego
419 935 600 985 suspicor,

102 1017 152 1047 615
223 1001 265 1039 Is
295 1001 454 1051 quicum
485 1000 699 1049 expositast
729 1004 857 1050 gnata.
909 999 983 1037 CH.
1029 1000 1136 1046 Quid
1164 1000 1250 1038 uolt
1279 999 1366 1046 sibi,

332 1066 438 1115 Syre,
460 1066 553 1103 haee
573 1066 718 1103 oratio?

171 1130 234 1168 So.
280 1130 386 1175 Quid
406 1131 486 1169 est?
514 1130 597 1166 isne
616 1130 692 1166 tibi
711 1129 892 1167 uidetur?
931 1130 1013 1166 NV.
1055 1128 1153 1165 Dixi
1173 1128 1367 1178 equidem,

330 1196 400 1233 ubi
418 1196 474 1232 mi
493 1195 710 1239 ostendisti,
729 1195 820 1233 ilico

224 1261 329 1299 Eum
348 1274 440 1298 esse.
495 1261 559 1299 So.
603 1261 664 1297 At
689 1261 783 1297 satis
805 1264 851 1297 ut
877 1259 1142 1310 contemplata
1160 1260 1276 1297 modo
1303 1260 1367 1309 sis,

331 1340 417 1363 mea
435 1327 583 1364 nutrix.
642 1327 721 1363 NV.
765 1326 879 1363 Satis.

172 1390 237 1428 So.
277 1390 362 1427 Abi·
379 1391 564 1427 nunciam
583 1390 701 1436 intro,
723 1394 840 1439 atque
860 1389 928 1426 illa
948 1390 981 1426 si
995 1390 1074 1426 iani
1093 1389 1248 1436 lauerit‚
1269 1390 1369 1428 mihi

330 1456 483 1492 nuntia.

225 1523 306 1560 Hic
321 1535 390 1571 ego
405 1522 536 1558 uirum
549 1522 699 1559 interea
711 1521 927 1571 opperibor.
957 1521 1023 1559 ΞΥ.
1037 1520 1092 1557 Τ6
1107 1520 1192 1557 uolt
1207 1534 1214 1559 :
1234 1520 1370 1557 uideas

332 1588 428 1638 quid
446 1587 544 1624 uelit
562 1601 569 1624 :

103 1674 155 1698 520
224 1653 369 1691 Nescio
388 1653 484 1702 quid
503 1652 629 1689 tristis
649 1655 726 1689 est:
745 1665 825 1688 non
837 1654 1040 1688 temet-est:
1060 1650 1178 1688 timeo
1194 1651 1290 1701 quid
1302 1651 1368 1689 sit.

333 1716 408 1754 CH.
441 1716 547 1760 Quid
570 1716 669 1753 siet2

225 1781 290 1819 Ne
326 1781 402 1818 ista
435 1781 563 1818 hercle
600 1794 742 1831 magno
771 1781 851 1818 iam
884 1785 1026 1818 conatu
1058 1794 1218 1831 magnas
1246 1794 1370 1832 nugas

333 1847 489 1884 dixerit.

173 1913 237 1951 So.
269 1913 395 1949 Ehem
411 1912 466 1948 mi
484 1912 558 1949 uir.
591 1912 666 1949 CH.
698 1912 824 1948 Ehem
838 1924 925 1948 mea
938 1924 1048 1949 uxor.
1082 1911 1144 1949 So.
1167 1911 1221 1948 Te
1239 1911 1370 1962 ipsum

333 1992 488 2028 quaero.
520 1978 595 2015 CH.
626 1978 803 2027 Loquere
823 1978 919 2027 quid
938 1978 1045 2015 uelis.

173 2045 238 2084 So.
268 2044 449 2082 Primum
472 2044 544 2080 hoo
574 2048 614 2080 te
646 2056 724 2091 oro,
752 2043 900 2093 nequid
925 2043 1058 2080 credas
1077 2056 1139 2080 me
1158 2042 1370 2080 aduorsum

333 2109 503 2146 edictum
524 2112 635 2145 tuom

227 2174 370 2212 Facere
401 2187 482 2210 esse
506 2187 651 2210 ausam.
698 2173 771 2211 CH.
803 2173 887 2210 Vin
907 2186 970 2210 1116
990 2173 1092 2210 istuc
1111 2172 1198 2221 tibi,
1219 2172 1294 2210 etsi
1313 2172 1370 2209 'm-

334 2238 567 2286 eredibssest,
590 2238 770 2276 eredere?
