1492 2537
340 146 530 184 METRA
572 146 619 183 H
627 146 682 184 VI
687 146 748 184 VS
781 145 886 183 ΕΑΒ
894 145 1042 184 VLAE'.

335 233 361 263 V
395 233 458 264 583
483 234 516 263 et
539 232 603 263 584
626 230 790 262 trochaici
814 230 997 270 septenarii

327 308 367 311 —
391 290 452 319 585
478 287 520 318 ad
543 288 612 328 588,
629 286 766 318 iambici
789 285 956 317 octonarii

326 362 366 365 —
390 343 452 373 589
477 343 509 372 et
534 342 597 373 590
619 339 760 371 iambici
783 339 908 371 senarii

326 415 365 418 —
391 396 453 427 591
478 394 520 426 ad
546 395 607 426 613
631 394 796 425 trochaici
819 393 1004 433 septenarii

325 469 366 472 —
391 449 452 480 614
477 448 520 480 ad
543 449 604 479 622
629 448 767 480 iambici
791 447 955 479 octonarii

324 523 365 525 —
390 504 450 534 6⁴23
476 503 518 534 ad
542 503 603 534 667
628 502 792 533 trochaici
816 501 1000 541 septenarii

324 576 365 579 ——
389 557 450 588 668
474 556 517 587 ad
541 556 603 588 678
626 556 767 587 iambici
790 556 956 587 octonarii

324 630 363 632 e—
389 610 450 643 679
475 610 517 641 ad
541 611 603 642 707
627 610 765 641 iambici
789 610 976 650 septenarii

324 686 364 689 ἣ
390 667 450 697 709
475 665 517 697 ad
541 667 602 697 722
626 665 791 696 trochaici
814 665 999 705 septenarii

323 739 363 742 w
388 721 449 752 723
474 719 516 750 ad
540 720 601 751 748
624 719 762 751 iambici
786 720 971 760 septenarii

322 795 362 798 Ἀ
389 776 450 808 749
473 774 515 806 ad
539 776 601 806 873
625 774 762 805 iambici
786 774 913 805 senarii

322 848 360 851 ἡ
385 829 448 861 874
472 828 514 859 ad
538 830 599 862 907
623 828 786 859 trochaici
809 829 994 867 septenarii

322 903 363 905 —
387 883 449 914 908
473 882 515 913 ad
538 883 600 914 939
624 882 762 913 iambici
786 883 911 914 senarii

322 958 362 960 v
386 938 449 970 940
473 937 514 968 ad
539 938 600 970 979
625 937 789 968 trochaici
812 937 995 977 septenarii

320 1012 360 1014 ἡ
386 992 449 1023 980
473 990 515 1021 ad
540 991 601 1022 999
625 990 762 1021 iambici
786 991 952 1022 octonarii

323 1065 361 1067 —
387 1045 470 1075 1000
493 1044 536 1075 ad
560 1045 642 1075 1002
666 1045 801 1076 iambici
825 1046 1008 1085 septenarii

322 1118 362 1121 —
388 1099 470 1128 1003
494 1098 662 1129 iambicus
686 1099 882 1130 octonarius

320 1172 361 1175 ——
387 1153 469 1182 1004
492 1152 658 1183 iambicus
682 1153 920 1192 quaternarius

320 1226 361 1229 —
387 1206 468 1237 1005
493 1205 536 1236 ad
562 1207 643 1237 1012
667 1206 804 1237 iambici
828 1207 993 1238 octonarii

321 1280 360 1283 -—
388 1261 470 1291 1013
496 1260 538 1291 ad
563 1261 646 1292 1016
670 1261 833 1292 trochaici
856 1262 1041 1301 septenarii

320 1336 360 1339 —
386 1316 468 1348 1017
494 1318 526 1347 et
552 1317 635 1347 1018
657 1316 792 1347 iambici
819 1316 984 1347 octonarii

319 1391 360 1393 —
385 1372 464 1401 1021
491 1371 533 1402 ad
558 1371 640 1404 1067
665 1371 829 1403 trochaici
854 1372 1048 1412 septenarii.

1257 146 1302 183 61
