1492 2537
167 130 214 165 423
269 128 343 165 ΙῙΑ
359 128 504 167 VTON
540 129 720 167 TIJIOB
731 130 960 170 VMENOS.
1012 132 1078 169 IV
1098 133 1122 170 4
1145 133 1272 171 19—5
1297 134 1358 171 11.

218 217 331 262 Quod
359 217 434 254 tibi
463 217 560 255 dem.
621 218 694 255 BA.
725 218 898 268 Dignam
927 233 989 257 me
1017 225 1145 270 putas,
1166 234 1284 271 quam
1303 223 1360 260 in-

324 282 463 319 ludas?
520 283 584 320 ΞΥ.
615 283 710 319 Non
730 288 789 320 est
807 288 963 323 temere.

166 346 235 383 ΒΑ.
269 346 454 384 Etiamne
484 352 614 384 tecum
647 348 712 386 hic
740 362 801 387 res
829 349 996 388 mihistz
1054 350 1119 388 SY.
1155 351 1359 390 Minume:

324 417 435 449 tuom
455 412 530 449 tibi
550 413 680 450 reddo.

166 475 235 512 BA.
280 476 416 514 Eatur.
476 477 541 514 ΞΥ.
583 477 751 528 Sequere
789 478 872 515 hac.
913 479 1022 525 heus,
1063 480 1222 519 Dromo.
1281 481 1357 520 DR.

327 540 425 585 Quis
445 554 507 578 me
527 541 641 580 uolt?
691 542 756 579 ΞΥ.
789 543 921 592 Syrus.
972 544 1048 582 DR.
1081 544 1186 589 Quid
1206 550 1264 583 est
1283 547 1360 584 rei?

166 605 230 642 SY.
276 605 457 642 Ancillas
490 606 617 644 omnis
649 606 856 645 Bacchidis
892 608 1055 647 traduce
1091 609 1168 646 huc
1205 610 1254 646 ad
1292 622 1362 647 uos

325 683 496 720 propere.

99 747 145 769 743
166 735 241 771 DR.
274 735 402 780 Quam
431 736 591 773 obrem?
648 736 712 773 SY.
745 736 787 773 N
790 750 810 774 e
838 750 1025 787 quaeras:
1054 738 1228 776 ecferant
1262 752 1362 788 quae

324 815 455 839 secum
475 802 552 839 huc
571 804 806 840 attulerunt.

217 868 399 917 Sperabit
418 872 620 918 sumptum
648 868 725 906 sibi
753 882 874 907 senex
900 870 1077 908 leuatum
1105 883 1188 908 esse
1213 871 1362 909 harunc

325 933 435 969 abitu
453 948 461 971 :

218 996 282 1034 Ne
301 997 368 1034 ille
383 997 546 1045 hauscit,
564 997 635 1036 hoc
654 999 817 1049 paulum
837 1000 937 1037 lucri
958 1005 1153 1051 quantum
1174 1005 1209 1037 e'i
1229 1001 1364 1038 damni

326 1061 518 1111 adportet.

218 1126 276 1163 Tu
310 1128 435 1164 nescis
469 1127 510 1164 id
548 1128 653 1177 quod
690 1128 776 1175 scis,
817 1129 979 1177 Dromo,
1019 1130 1054 1168 si
1090 1130 1228 1181 sapies.
1288 1130 1363 1168 DR.

327 1191 489 1229 Mutum
510 1193 625 1230 dices.

561 1291 767 1330 CHREMES.
827 1292 965 1330 SYRVS.

62 1373 116 1410 IV
132 1374 150 1451 ξ
169 1378 241 1416 Cn.
288 1378 354 1416 Ita
373 1392 434 1416 me
453 1379 494 1416 di
513 1380 714 1426 amabunt,
735 1385 782 1417 ut
801 1393 906 1417 nunc
926 1380 1149 1417 Menedemi
1168 1380 1291 1417 uicem

69 1428 131 1452 1-—1

103 1482 151 1505 750
220 1444 384 1481 Miseret
403 1458 482 1482 me:
511 1449 668 1482 tautum
689 1446 892 1483 deuenisse
911 1447 961 1483 ad
980 1460 1070 1483 eum
1089 1446 1195 1484 mali.

223 1510 416 1547 Illancine
435 1510 643 1547 mulierem
662 1511 765 1548 alere
785 1524 873 1548 cum
893 1512 961 1548 illa
980 1511 1150 1548 familia!

221 1574 310 1610 Etsi
329 1574 418 1621 scio,
440 1575 554 1611 hosce
574 1574 725 1624 aliquot
745 1575 827 1612 dies
847 1589 927 1612 non
946 1576 1107 1615 sentiet:

222 1638 287 1675 Ita
306 1652 447 1688 magno
467 1639 659 1676 desiderio
679 1639 757 1676 fuit
777 1640 812 1677 ei
831 1640 950 1677 filius.

220 1702 372 1739 Verum
394 1703 463 1739 ubi
483 1703 636 1740 uidebit
655 1707 788 1739 tantos
808 1703 883 1739 sibi
903 1707 1083 1754 sumptus
1101 1703 1207 1740 domi

102 1787 147 1810 755
220 1768 449 1806 Cotidianos
468 1768 554 1806 fieri
572 1782 643 1806 nec
662 1769 747 1805 fieri
766 1769 936 1814 modum,

221 1834 388 1882 Optabit
406 1847 564 1871 rursum
583 1839 630 1871 ut
649 1835 764 1871 abeat
783 1834 833 1871 ab
853 1847 893 1871 se
913 1834 1029 1871 filius.

221 1899 365 1948 Syrum
395 1903 556 1949 optume
590 1912 735 1936 eccum.
801 1899 866 1938 ΞΥ.
923 1899 1040 1937 Cesso
1069 1898 1174 1936 hunc
1204 1899 1368 1936 adoriri?

328 1964 401 2001 CH.
446 1964 554 2013 Syre.
614 1964 679 2001 ΞΥ.
725 1964 844 2001 Hem.

167 2030 240 2067 CH.
287 2029 392 2075 Quid
412 2031 490 2067 est?
533 2030 598 2067 SY.
645 2030 699 2067 Te
715 2031 770 2067 mi
785 2030 914 2080 ipsum
931 2030 1008 2068 iam
1024 2030 1173 2068 dudum
1186 2032 1367 2081 optabam

326 2094 422 2131 dari.

167 2161 240 2196 UH.
286 2159 436 2198 Videre
457 2161 578 2212 egisse
598 2161 676 2199 iam
696 2162 827 2200 nescio
846 2162 942 2213 quid
961 2175 1051 2200 cum
1071 2175 1174 2200 sene.
