1492 2537
137 125 202 162 IV
223 126 245 162 5
270 125 437 162 12—36.
498 126 575 162 HA
589 126 734 165 VTON
764 126 944 166 TJMOR
954 127 1184 166 IJ'MENOS.
1281 131 1330 167 43

136 212 202 250 ΞΥ.
251 212 313 249 De
332 212 401 249 illo
421 213 524 261 quod
546 213 718 251 dudum?
758 213 910 251 dictum
935 227 978 251 ac
998 215 1147 252 sactum
1166 216 1326 253 reddidi.
1350 235 1395 264 7&

135 277 207 315 CH.
249 278 389 315 Bonan
404 278 500 315 fide2
540 278 605 315 ΞΥ.
642 279 764 315 Bona.
811 279 884 317 CH.
921 279 1066 317 Hercle
1082 293 1160 317 non
1175 293 1330 330 possum

292 344 387 394 pati,

187 409 294 453 Quin
313 409 389 446 tibi
409 414 527 459 caput
546 410 806 447 demulceam:
835 410 970 447 accede
989 410 1076 456 huc,
1109 410 1222 459 Syre:

186 474 345 511 Faciam
365 474 458 510 boni
478 474 553 510 tibi
572 475 722 524 aliquid
742 488 812 524 pro
832 475 908 511 ista
928 488 980 521 re,
1001 488 1045 511 ac
1065 475 1213 513 lubens.

131 540 196 576 ΞΥ.
246 539 306 575 At
325 539 358 576 si
377 539 473 576 scias
493 553 611 589 quam
631 540 726 577 scite
745 540 788 576 in
808 544 979 576 mentem
1000 540 1164 578 uenerit.

131 602 206 641 CH.
251 601 355 648 Vah,
377 603 542 652 gloriare
563 604 738 640 euenisse
758 617 805 640 ex
826 604 1041 640 sententia?
1345 618 1389 647 765

130 670 196 706 ΞΥ.
246 669 340 705 Non
359 668 488 705 hercle
508 681 615 714 uero,
635 682 773 705 uerum
794 669 889 707 dico.
939 669 1012 706 CH.
1049 668 1124 705 Dic
1139 668 1233 717 quid
1250 670 1326 705 est?

129 736 193 775 SY.
244 736 321 773 Tui
342 736 578 785 Clitiphonis
599 749 681 772 esse
701 736 866 772 amicam
886 735 986 772 hanc
1007 735 1239 772 Bacchidem

181 802 414 839 Menedemo
434 801 537 838 dixit
558 801 695 847 Clinia,
719 806 758 838 et
777 815 822 838 ea
840 802 968 851 gratia

180 866 317 903 Secum
338 865 559 911 adduxisse,
580 877 630 901 ne
650 870 694 902 tu
714 865 754 902 id
774 866 1083 914 persentisceres.

127 929 200 966 CH.
246 929 384 966 Probe.
441 928 507 965 ΞΥ.
549 928 624 965 Dic
644 929 763 966 sodes.
815 929 890 965 CH.
932 929 1124 974 Nimium,
1146 927 1317 976 inquam.
1339 947 1387 971 77³

286 994 349 1031 ΞΥ.
400 994 528 1031 Immo
548 995 580 1030 si
600 994 708 1039 scias,

179 1057 255 1095 Sed
274 1071 388 1107 porro
408 1058 596 1104 ausculta,
618 1059 721 1108 quod
741 1071 856 1108 super
876 1064 935 1096 est
954 1060 1139 1099 fallaciae.

179 1122 270 1159 Sese
289 1123 371 1171 ipse.
391 1122 487 1159 dicit
507 1127 617 1159 tuam
638 1123 785 1160 uidisse
805 1123 946 1161 filiam:

177 1187 274 1224 Eius
295 1187 369 1224 sibi
395 1187 666 1236 complacitam
682 1188 856 1235 formam,
879 1194 1085 1239 postquam
1106 1190 1318 1239 aspexerit:

178 1253 294 1290 Hanc
309 1266 448 1302 cupere
465 1266 637 1291 uxorem.
684 1253 757 1290 CH.
791 1254 964 1292 Modone
980 1268 1078 1304 quae
1093 1256 1293 1292 inuentast
1304 1258 1315 1291 ’ζ

282 1317 347 1353 ΞΥ.
394 1317 510 1353 Eam:

176 1383 229 1420 Et
248 1382 406 1432 quidem
425 1382 577 1420 iubebit
596 1383 712 1432 posci.
770 1384 843 1422 CH.
898 1383 1025 1429 Quam
1045 1385 1178 1421 obrem
1203 1384 1313 1431 istuc,
1335 1406 1380 1429 775

282 1447 400 1497 Syre?

174 1512 279 1549 Nam
299 1524 479 1561 prorsum
499 1511 555 1548 nil
576 1511 772 1560 intellego.
833 1511 895 1548 ΞΥ.
944 1511 1048 1558 Vah,
1066 1511 1202 1548 tardus
1222 1525 1272 1549 es.

121 1579 193 1616 CH.
237 1578 427 1615 Fortasse.
491 1578 554 1615 SY.
598 1578 824 1627 Argentum
844 1578 1003 1614 dabitur
1022 1583 1055 1614 e'1'
1076 1578 1125 1614 ad
1144 1578 1313 1627 nuptias,

174 1644 331 1680 Aurum
351 1647 468 1693 atque
488 1648 637 1680 uestem
658 1643 964 1692 qui...tenesne2
988 1644 1060 1680 CH.
1089 1644 1315 1693 Comparet'l

121 1707 184 1745 ΞΥ.
235 1708 285 1745 Id
304 1708 444 1758 ipsum.
510 1707 584 1747 CH.
628 1709 688 1745 At
708 1721 777 1758 ego
797 1709 858 1745 illi
877 1722 1003 1758 neque
1029 1709 1079 1746 do
1104 1722 1230 1758 neque
1253 1709 1315 1746 de-

279 1774 459 1823 spondeO.

120 1839 184 1876 ΞΥ.
228 1839 269 1876 N
272 1840 342 1876 on?
372 1852 490 1888 quam
505 1839 660 1876 obrem'.2
690 1839 764 1877 CH.
797 1840 924 1885 Quam
937 1840 1088 1877 obrem?
1111 1853 1173 1877 me
1187 1841 1317 1890 rogas?
1336 1855 1383 1885 ‚30

280 1903 452 1941 homini?
522 1904 586 1941 ΞΥ.
620 1904 680 1941 Vt
700 1904 820 1942 lubet.

175 1968 268 2005 Non
287 1981 356 2017 ego
376 1968 550 2005 dicebam
570 1968 612 2004 in
632 1973 861 2018 perpetuom
881 1973 927 2006 ut
946 1969 1054 2006 illam
1075 1969 1135 2006 illi
1154 1969 1277 2017 dares,

175 2033 328 2070 Verum
346 2037 393 2070 ut
412 2033 626 2071 simulares.
674 2033 746 2070 CH.
794 2034 887 2070 Non
907 2039 1030 2071 meast
1050 2035 1274 2072 simulatio:

173 2097 239 2134 Ita
258 2101 302 2134 tu
322 2097 441 2134 istaec
459 2102 530 2134 tua
549 2098 722 2145 misceto,
744 2111 793 2135 ne
813 2112 875 2135 me
894 2099 1117 2137 admisceas.

175 2162 258 2211 Ego
278 2161 371 2211 quoi
389 2162 552 2199 daturus
571 2175 651 2199 non
673 2176 772 2208 sum,
793 2169 839 2200 ut
859 2163 895 2200 ei
911 2163 1190 2214 despondeam?
