1492 2537
80 454 130 485 460

82 778 128 806 465

81 1246 129 1269 470

78 1574 126 1597 4⁷5

75 1898 125 1927 430

74 2220 120 2251 ⁴85

151 168 198 205 26

275 167 353 205 ΠΛ
367 166 513 206 VTON
540 165 959 204 TIMORVMENOS.
1033 166 1106 204 III
1130 167 1148 204 1
1173 166 1342 206 48—76.

202 253 308 290 Nam
328 256 375 290 ut
394 252 472 289 alia
490 252 683 299 omittam,
705 251 915 301 pytisando
934 251 1049 290 modo
1068 251 1169 289 mihi

202 317 306 363 Quid
326 317 412 354 uini
430 316 790 366 absumpsit,—‘sic
808 316 905 364 hoc‚'
926 317 1058 354 dicens
1076 331 1084 356 :
1111 321 1320 367 ‘asperum‚

202 382 331 429 Pater,
354 382 425 419 hoc
445 386 504 419 est
520 395 527 419 z
553 381 661 418 aliud
681 381 808 419 lenius
828 382 938 419 sodes
957 381 1063 419 uide'
1080 395 1088 420 :

202 447 347 484 Relcui
367 447 471 483 dolia
490 447 632 493 omnia,
653 448 780 483 omnis
800 448 919 484 serias
936 460 943 483 :

201 511 340 548 Omnis
360 510 547 547 sollicitos
565 511 727 548 habuit:
754 515 872 560 atque
891 511 985 548 haec
1005 524 1084 549 una
1102 524 1194 549 nox.

202 575 307 620 Quid
326 580 366 612 te
385 576 565 612 futurum
584 588 725 622 censes,
747 588 865 625 quem
884 575 1045 613 adsidue
1064 576 1261 614 exedent‘e

201 639 264 676 Sic
283 652 345 676 me
369 639 410 675 di
430 640 638 689 amabunt,¹
652 643 699 676 ut
718 652 779 676 me
800 643 959 676 tuarum
978 639 1246 687 miseritumst,

201 705 444 753 Menedeme,
465 705 723 743 fortunarum.
782 705 862 742 ME.
896 705 1034 743 Faciat
1053 705 1259 755 quidlubet
1276 720 1284 743 ε

201 770 341 808 Sumat
360 775 564 808 consumat
578 771 729 820 perdat,
752 771 991 808 decretumst
1008 771 1104 821 pati,

201 837 310 873 Dum
329 837 443 874 illum
462 836 577 874 modo
595 836 760 874 habeam
780 850 943 876 mecum.
989 837 1063 875 ΟΗ.
1096 837 1140 875 Si
1158 842 1347 875 certumst

307 902 383 938 tibi

201 967 265 1004 Sic
283 967 419 1013 facere,
434 968 535 1005 illud
554 967 758 1018 permagni
776 981 818 1005 re
837 968 937 1006 ferre
956 969 1136 1017 arbitror,

200 1034 260 1070 Vt
280 1047 329 1070 ne
349 1033 535 1070 scientem
555 1034 700 1071 sentiat
719 1039 759 1071 te
779 1035 819 1071 id
840 1035 915 1071 sibi
935 1035 1038 1073 dare.

148 1099 229 1136 ME.
263 1098 368 1144 Quid
401 1099 569 1137 faciam?
627 1099 701 1137 CH.
737 1100 905 1145 Quiduis
935 1101 1067 1150 potius
1094 1113 1213 1150 quam
1242 1100 1345 1150 quod

307 1165 454 1213 cogitas
471 1178 478 1202 :

202 1230 278 1267 Per
296 1230 419 1267 alium
439 1231 620 1280 quemuis
640 1234 685 1268 ut
704 1231 792 1268 des:
824 1230 909 1267 falli
928 1234 968 1268 te
988 1230 1092 1268 sinas

198 1296 379 1334 Techinis
399 1310 469 1346 per
488 1297 686 1334 seruolum
703 1311 710 1334 ε
739 1296 814 1334 etsi
834 1297 1011 1334 subsensi
1030 1297 1070 1334 id
1089 1309 1255 1347 quoque,

200 1362 296 1398 Illos
316 1362 372 1399 ibi
391 1375 483 1409 esse,
506 1362 547 1398 id
568 1375 681 1411 agere
700 1362 807 1399 inter
826 1375 865 1399 se
885 1362 1111 1401 clancula-m.

201 1425 322 1474 Syrus
343 1439 431 1462 cum
450 1426 519 1463 illo
539 1430 673 1463 nostro
693 1430 984 1472 consusurrant,
1006 1425 1213 1462 conferunt

201 1490 374 1528 Consilia
393 1491 442 1528 ad
461 1492 723 1529 adulescentis
739 1508 746 1531 :
776 1496 816 1529 et
835 1492 911 1529 tibi
929 1492 1090 1542 perdere

199 1557 410 1595 Talentum
429 1558 502 1595 hoc
521 1562 636 1608 pacto
656 1558 780 1595 satius
800 1562 859 1595 est
879 1571 997 1607 quam
1016 1557 1085 1594 illo
1104 1556 1262 1594 minam.

199 1620 293 1658 Non
313 1635 418 1659 nunc
437 1622 604 1671 pecunia
623 1623 765 1672 agitur,
783 1622 850 1659 sed
870 1622 970 1658 illud
990 1634 1068 1671 quo
1087 1621 1203 1658 modo

198 1686 381 1724 Minumo
400 1687 543 1736 periclo
563 1687 604 1724 id
623 1687 759 1724 demus
779 1687 1082 1725 adulescentulo.

198 1751 305 1788 Nam
325 1752 358 1788 si
378 1752 495 1789 semel
514 1756 626 1789 tuom
645 1752 823 1789 animum
842 1752 909 1789 ille
929 1751 1183 1798 intellexerit,

198 1815 315 1853 Prius
334 1817 582 1866 proditurum
603 1821 643 1854 te
658 1821 769 1854 tuam
789 1818 914 1854 uitam
933 1821 974 1854 et
993 1817 1103 1866 prius

197 1880 410 1918 Pecuniam
430 1895 595 1927 omnem,
618 1894 735 1931 quam
754 1882 823 1919 abs
842 1885 883 1918 te
902 1882 1064 1918 amittas
1084 1881 1210 1918 filium
1226 1894 1234 1918 z
1260 1881 1342 1926 hui,

196 1946 395 1991 Quantam
415 1947 626 1984 fenestram
646 1947 696 1983 ad
716 1946 932 1996 nequitiem
952 1947 1190 1996 patefeceris,

196 2012 286 2049 Tibi
305 2017 437 2050 autem
457 2026 571 2062 porro
591 2017 637 2049 ut
656 2025 735 2049 non
755 2013 805 2049 sit
826 2026 947 2050 suaue
968 2013 1101 2050 uiuere
1119 2013 1127 2050 Ξ

196 2078 301 2115 Nam
322 2079 534 2116 deteriores
554 2092 689 2116 omnes
709 2092 844 2116 sumus
864 2080 1035 2117 licentia.

196 2143 326 2196 [Quod
346 2146 515 2195 quoique
535 2159 731 2196 quomque
750 2146 934 2183 inciderit
952 2146 995 2183 in
1015 2150 1201 2193 mentem,
1222 2147 1340 2193 uolet,

195 2209 334 2260 Neque
354 2210 395 2247 id
415 2211 572 2260 putabit
592 2224 805 2260 prauomne
825 2224 875 2248 an
895 2216 1045 2249 rectum
1066 2210 1167 2264 siet]
