1492 2537
87 154 108 190 Ι
134 153 150 190 1
176 153 345 192 44-72.
464 152 540 190 HA
554 153 700 191 VTON
734 153 793 190 TI
794 154 839 190 M
844 154 913 192 OB
922 153 1002 191 VM
1000 154 1155 192 ENOS.
1262 156 1280 192 ’ἵ

135 241 208 278 Est
228 254 248 278 e
269 240 459 278 Corintho
478 241 542 277 hic
561 228 713 278 aduena
731 253 830 278 anus
848 241 1083 290 paupercula
1101 255 1107 277 τ

136 307 232 344 Eius
260 307 383 343 filiam
411 307 477 344 ille
501 320 631 344 amare
657 308 785 356 coepit
810 306 974 356 perdite,

136 362 262 419 Prope
294 370 372 406 iam
402 374 448 406 ut
480 383 552 420 pro
578 384 702 407 uxore
734 371 897 407 haberet
914 385 921 408 ε
970 371 1064 408 haec
1097 371 1195 408 clam
1227 386 1284 408 m‘·

245 434 386 471 omnia.

135 498 218 535 Vbi
237 512 318 535 rem
340 498 494 545 resciui‚
516 499 623 548 coepi
643 512 722 536 non
742 499 973 536 humanitus

138 565 277 614 Neque
296 567 343 600 ut
361 564 537 600 animum
558 565 690 601 decuit
708 569 912 614 aegrotum
931 565 1211 602 adulescentuli
1306 590 1354 607 m>

135 629 328 675 Tractare,
350 628 417 665 sed
437 629 478 665 ui
498 633 537 665 et
555 629 622 665 uia
640 630 867 678 peruolgata
887 634 1054 678 patrum.

137 694 291 732 Cotidie
312 695 541 732 accusabam
561 710 568 732 ε
605 696 728 743 (110111,
750 696 875 732 tibine
893 696 987 733 haec
1002 696 1150 732 diutius

138 759 271 795 Licere
291 771 422 808 speras
442 759 567 795 facere
586 772 647 796 me
668 759 761 795 uiuo
781 764 902 809 patre,

136 824 317 860 Amicam
343 827 389 860 ut
414 823 557 860 habeas
579 836 698 873 prope
724 824 802 860 iam
830 824 874 860 in
901 824 1035 860 uxoris
1058 823 1141 860 1000

137 889 265 935 Erras,
288 888 321 924 si
343 888 384 924 id
404 888 541 933 credis,
563 893 602 924 et
626 901 687 925 me
707 889 873 937 ignoras,
896 887 1036 926 Clinia.

137 955 221 1003 Ego
244 958 284 991 te
303 966 433 989 meum
454 966 536 990 esse
556 953 632 990 dici
652 954 849 1003 tantisper
868 954 970 999 11010,

136 1021 243 1057 Dum
264 1020 369 1070 quod
390 1024 430 1056 te
449 1020 652 1069 dignumst
672 1019 807 1056 facies:
837 1020 903 1056 sed
923 1020 956 1056 si
976 1020 1017 1056 id
1036 1030 1116 1056 non
1140 1020 1246 1057 facis.

137 1085 221 1134 Ego
240 1085 344 1134 quod
363 1098 426 1121 me
446 1085 488 1120 in
508 1088 547 1121 te
566 1084 618 1120 sit
637 1084 764 1120 facere
784 1084 947 1133 dignum
966 1085 1164 1121 inuenero.

135 1149 259 1186 Nulla
279 1149 374 1185 adeo
394 1162 443 1185 ex
463 1162 505 1185 re
524 1148 627 1185 istuc
647 1149 693 1185 fit
712 1148 789 1185 nisi
809 1162 859 1185 ex
879 1148 1002 1184 nimio
1022 1149 1114 1184 otio.

134 1215 218 1262 Ego
237 1215 338 1250 istuc
357 1213 497 1250 aetatis
517 1226 596 1250 non
616 1214 739 1250 amori
759 1227 917 1263 operam
937 1214 1089 1257 dabam,
1307 1227 1355 1242 τι*

136 1279 212 1316 Sed
232 1278 275 1315 in
297 1278 434 1315 Asiam
455 1278 547 1314 hinc
567 1278 647 1313 abii
667 1283 828 1327 propter
848 1279 1071 1327 pauperiem
1093 1284 1210 1327 atque
1232 1279 1282 1315 ibi

135 1344 261 1380 Simul
281 1356 364 1380 rem
384 1348 424 1379 et
443 1343 607 1391 gloriam
626 1343 757 1387 armis,
779 1342 882 1388 belli,
904 1343 1080 1392 repperi.'

136 1409 341 1446 Postremo
361 1408 457 1444 adeo
476 1421 537 1444 res
556 1408 693 1444 rediit:
721 1408 1037 1444 adulescentulus

135 1475 256 1523 Saepe
275 1474 409 1510 eadem
429 1478 468 1510 et
486 1474 663 1523 grauiter
681 1473 876 1510 audiendo
895 1473 1025 1510 uictus
1045 1480 1122 1510 est:

135 1541 279 1577 Aetate
299 1552 361 1576 me
380 1539 538 1589 putauit
558 1544 597 1576 et
617 1540 811 1588 sapientia
1306 1554 1350 1576 τῖε

136 1605 231 1641 Plus
251 1604 347 1641 scire
367 1609 406 1640 et
426 1604 632 1653 prouidere
652 1618 766 1653 quam
790 1618 829 1640 se
850 1604 979 1654 ipsum
1001 1603 1094 1641 sibi:

135 1670 186 1707 In
208 1670 347 1706 Asiam
367 1670 416 1706 ad
436 1683 566 1719 regem
586 1669 798 1706 militatum
821 1669 930 1715 abiit,
954 1669 1147 1706 Chremes.

82 1733 155 1771 CH.
214 1733 318 1778 Quid
347 1734 428 1769 ais?
483 1732 566 1770 ME.
604 1732 715 1769 Clam
739 1745 800 1768 1110
823 1732 1018 1782 profectus
1041 1732 1185 1768 mensis
1213 1733 1283 1769 tris

241 1799 362 1835 abest.

82 1863 153 1901 CH.
212 1862 345 1900 Ambo
364 1862 591 1900 accusandi:
621 1862 696 1899 etsi
715 1862 814 1899 illud
834 1862 1035 1911 inceptum
1055 1868 1186 1900 tamen

134 1927 312 1964 Animist
331 1928 514 1977 pudentis
535 1928 688 1976 signum
710 1931 750 1964 et
768 1940 847 1963 non
867 1927 1072 1964 instrenui.

82 1993 163 2032 ME.
221 1993 307 2030 Vbi
325 1995 494 2044 comperi
514 2007 562 2031 ex
583 1995 650 2041 eis,
672 1994 741 2043 qui
759 1994 866 2031 fuere
887 1994 922 2031 ei
941 1995 1095 2034 conscii,

135 2062 305 2098 Domum
325 2066 504 2099 reuortor
521 2067 692 2100 maestus
711 2067 829 2113 atque
848 2063 979 2100 animo
998 2064 1076 2101 fere

135 2126 372 2163 Perturbato
391 2131 509 2177 atque
531 2128 681 2164 incerto
700 2141 791 2177 prae
811 2129 1065 2177 aegritudine.

136 2191 305 2229 Adsido:
334 2192 549 2229 adcurrunt
569 2193 686 2240 serui,
707 2207 835 2230 soccos
855 2194 1086 2240 detrahunt:

1071 2271 1172 2306 3-0

1152 2299 1171 2307 .-
