1492 2537
146 163 196 199 20
257 163 331 200 ΗΑ
347 162 490 201 ΥΤΟΝ
524 162 586 200 TI
589 161 706 201 MOI?
716 161 945 200 VMENOS.
1003 161 1050 198 II
1072 161 1095 198 3
1119 160 1340 209 loo—122,

199 250 304 294 Quid
332 250 459 287 dixti?
502 250 566 288 SY.
604 248 851 299 Ademptum
876 249 951 286 tibi
978 248 1057 285 iam
1075 248 1168 286 saxo
1187 262 1342 286 omnem

305 316 465 358 metum,

198 376 248 412 In
268 389 402 413 aurem
422 376 615 413 utramuis
635 376 757 413 otiose
777 379 823 412 ut
843 375 1025 413 dormias.

145 443 250 480 CLIT.
284 443 388 487 Quid
407 456 479 492 ago
499 443 629 479 nuuc'l
660 443 773 480 Omx.
811 441 949 479 Tune?
970 440 1075 491 quod
1093 440 1185 478 boni
1233 441 1343 478 Cm.

306 506 412 555 Syre,
435 507 497 544 dic
516 507 630 544 modo

200 572 360 609 Verum.
412 572 477 610 SY.
510 572 601 621 Age
620 571 758 609 modo:
787 570 903 608 hodie
923 583 1009 608 sero
1033 584 1078 608 ac
1103 571 1342 620 nequiquam

317 638 437 675 uoles.

77 721 124 743 245
145 704 444 748 (mix—datur,
466 703 596 739 fruare
616 701 710 738 dum
730 701 846 740 licet:
875 714 967 737 nam
987 701 1136 739 nescias

145 771 253 807 CLlT.
286 769 383 818 Syre
401 768 575 816 inquam.
607 766 672 805 SY.
697 766 820 815 Perge
835 778 962 816 porr0‚
980 770 1113 802 tamen
1128 766 1228 803 istuc
1243 779 1324 816 agO.

145 834 400 873 (lux—eius
420 834 472 869 sit
491 837 666 882 potestas
685 832 848 881 posthac
868 845 919 868 an
938 845 1155 880 numquam
1174 831 1258 869 tibi.

145 899 251 936 CLIT.
283 899 436 935 Verum
451 896 579 933 hercle
591 896 692 932 istuc
708 900 777 932 est.
819 896 927 944 Syre,
945 895 1042 944 Syre
1057 895 1228 945 inquam,
1245 894 1342 931 heus

304 964 412 1010 heus,
435 962 541 1011 Syre.

145 1031 210 1068 SY.
254 1028 473 1067 Concaluit.
535 1025 631 1076 quid
667 1025 751 1063 uis‘.Z
812 1025 921 1063 CLIT.
966 1025 1080 1072 Redi,
1119 1025 1212 1062 redi.
1273 1026 1337 1062 SY.

358 1093 514 1129 Adsum
533 1105 541 1129 z
572 1091 634 1127 dic
653 1091 750 1140 quid
769 1092 851 1128 est?

77 1180 126 1202 350
198 1160 285 1196 Iam
305 1159 376 1195 hoc
397 1171 549 1208 quoque
565 1157 725 1207 negabis
744 1156 818 1193 tibi
838 1156 999 1206 placere.
1059 1156 1166 1195 CLIT.
1199 1156 1339 1201 Immo,

308 1224 404 1273 Syre
421 1237 428 1260 :

200 1290 253 1326 Et
272 1302 333 1325 me
353 1293 393 1325 et
413 1301 543 1325 meum
563 1300 735 1324 amorem
753 1290 794 1324 et
811 1286 957 1323 famam
976 1286 1162 1336 permitto
1180 1287 1264 1324 tibi.

197 1355 256 1391 Tu
276 1367 316 1391 es
335 1354 474 1391 iudex:
504 1352 650 1402 nequid
669 1351 908 1389 accusandus
927 1352 980 1388 sis
999 1351 1100 1389 uide.

144 1419 209 1455 SY.
242 1418 511 1455 Ridiculumst
530 1421 569 1453 te
589 1416 690 1452 istuc
709 1429 772 1452 me
791 1416 1010 1462 admonere,
1034 1415 1226 1464 Clitipho:

199 1484 320 1529 Quasi
339 1483 428 1520 istic
449 1496 534 1519 mea
553 1495 614 1518 res
633 1482 762 1518 minor
781 1485 922 1530 agatur
941 1493 1059 1530 quam
1078 1484 1156 1518 tua.

80 1569 124 1591 355
198 1551 278 1587 Hic
298 1549 427 1599 siquid
446 1549 558 1585 nobis
577 1548 678 1584 forte
698 1547 854 1584 aduersi
876 1546 1064 1593 euenerit‚

196 1615 285 1652 Tibi
304 1619 421 1652 erunt
440 1618 577 1664 parata
595 1613 727 1660 uerba,
749 1613 841 1650 huic
860 1611 1012 1649 homini
1030 1611 1212 1648 uerbera:

198 1682 445 1730 Quapropter
463 1680 557 1716 haec
577 1692 638 1716 res
657 1692 706 1716 ne
725 1678 906 1728 utiquam
926 1677 1144 1727 neglectust
1162 1677 1260 1714 mihi

196 1746 272 1783 Sed
304 1746 433 1782 istunc
462 1758 591 1790 exora,
621 1748 668 1780 ut
696 1756 807 1780 suam
835 1755 917 1779 esse
946 1742 1163 1780 adsimulet.
1223 1742 1334 1781 CLIX.

304 1810 459 1847 Scilicet

196 1873 409 1910 Facturum
428 1885 490 1908 me
510 1884 611 1908 esse:
641 1870 683 1907 in
703 1883 792 1907 eum
811 1870 889 1907 iam
908 1883 968 1907 res
988 1870 1104 1907 rediit
1123 1870 1262 1915 locum,

75 1953 123 1981 360
195 1938 254 1974 Vt
273 1937 326 1974 sit
344 1949 537 1974 necessus,
597 1936 705 1972 CLIT.
737 1935 884 1972 Merito
903 1939 943 1971 te
961 1947 1061 1981 amo,
1083 1934 1220 1972 Clinia.

142 2002 254 2040 CLIX.
296 2002 449 2038 Verum
486 2001 555 2037 illa
592 1999 740 2050 nequid
776 1999 935 2036 titubet.
999 1998 1064 2035 SY.
1107 1998 1335 2036 Perdoctast

300 2066 428 2115 probe.

141 2132 248 2168 CLIT.
280 2131 340 2166 At
359 2130 431 2166 hoc
450 2129 630 2175 demiror,
653 2128 721 2177 qui
740 2131 822 2165 tam
841 2126 954 2163 facile
973 2125 1147 2176 potueris

194 2195 429 2232 Persuadere
449 2194 519 2236 illi,
542 2207 641 2244 quae
660 2193 758 2230 solet
778 2205 873 2242 quos
893 2193 1091 2241 spernere!
