1492 2537
97 176 162 214 IV
185 175 203 213 1
230 174 398 212 12-30.
466 170 542 208 HA
554 168 701 209 VTON
727 166 1151 206 TIMORVMENOS.
1246 166 1294 204 35

149 262 284 300 Credo.
318 260 383 298 SY.
405 258 548 296 Nescio
568 258 663 309 quid
679 258 827 308 peccati
842 260 974 307 portat
988 256 1083 293 haec
1098 254 1292 305 purgatio.
1314 267 1363 296 625

97 328 161 366 So.
193 324 442 364 Meministin
456 337 518 361 me
532 324 748 373 grauidam,
762 327 802 360 et
815 322 911 359 mihi
924 326 964 359 te
979 334 1166 358 maxumo
1182 332 1297 370 opere

259 391 421 435 edicere,

153 457 196 495 Si
215 456 385 507 puellam
404 467 592 504 parerem,
620 453 726 490 nolle
751 453 863 491 tolli?
905 453 979 490 CH.
1023 452 1110 490 Scio
1131 452 1227 502 quid
1247 452 1299 489 fe-

260 521 357 558 ceris
374 535 381 558 :

154 585 368 624 Sustulisti.
411 584 477 622 SY.
501 584 564 621 Sic
592 588 652 621 est
679 585 840 632 factum,
870 584 1051 623 domina:
1094 596 1185 633 ergo
1211 596 1301 621 erus

261 652 404 688 damno
424 654 564 687 auctus
583 654 652 687 est.

102 716 164 754 So.
196 715 392 752 Minume:
414 714 481 751 sed
496 717 581 750 erat
591 714 655 751 hic
669 713 876 751 Corinthia
895 726 994 750 anus
1014 713 1120 750 haud
1139 713 1301 763 inpura:

261 780 298 817 ei
317 779 417 816 dedi.

156 844 451 895 Exponendam.
485 843 559 880 CH.
583 843 616 880 O
638 843 832 893 Iuppiter,
847 846 1001 880 tantam
1017 855 1099 880 esse
1112 843 1154 880 in
1168 843 1302 880 animo
1323 855 1373 887 630

263 909 461 946 inscitiam
477 910 485 946 l

103 977 167 1014 So.
198 975 324 1013 Perii:
345 974 441 1024 quid
454 987 524 1024 ego
539 974 639 1011 feci?
671 973 746 1011 CH.
769 973 961 1023 Rogitas?
990 973 1053 1012 So.
1077 974 1120 1011 Si
1132 973 1302 1024 peccaui,

263 1041 319 1077 mi
341 1040 537 1085 Chremes,

158 1104 335 1142 Insciens
354 1104 437 1141 feci.
470 1103 544 1140 GH.
567 1103 617 1140 Id
637 1102 818 1152 equidem
838 1115 919 1152 ego,
941 1103 975 1139 si
994 1106 1040 1140 tu
1055 1116 1183 1152 negeS,
1198 1107 1305 1141 certo

265 1169 357 1216 scio,

158 1234 214 1272 Te
238 1233 470 1270 inscientem
495 1237 614 1283 atque
640 1233 917 1283 inprudentem
949 1233 1076 1271 dicere
1107 1246 1151 1271 ac
1180 1233 1307 1271 facere

267 1298 400 1334 omnia
414 1311 426 1345 3

159 1363 234 1401 Tot
253 1366 412 1413 peccata
437 1363 480 1399 in
505 1362 578 1399 hac
606 1374 648 1399 re
671 1362 854 1400 ostendis.
894 1375 987 1400 nam
1016 1363 1095 1399 iam
1120 1363 1305 1412 primum,

268 1428 302 1465 si
320 1441 451 1465 meum

161 1494 367 1544 Inperium
387 1493 531 1543 exequi
550 1493 753 1538 uoluisses,
778 1493 1058 1543 interemptam
1078 1493 1267 1543 oportuit,
1326 1506 1375 1537 635

162 1560 256 1596 Non
269 1559 453 1596 simulare
468 1564 633 1596 mortem
646 1559 788 1606 uerbis,
804 1572 847 1596 re
859 1559 943 1609 ipsa
958 1573 1065 1609 spem
1081 1560 1188 1597 uitae
1201 1561 1303 1598 dare.

163 1626 224 1663 At
242 1625 283 1662 id
302 1624 461 1663 omitto:
483 1624 758 1670 misericordia,
776 1625 931 1661 animus
950 1629 1153 1662 maternus
1171 1638 1179 1662 :
1209 1626 1305 1663 sino.

165 1690 293 1735 Quam
311 1690 410 1726 bene
429 1701 523 1726 uero
543 1689 611 1726 abs
630 1693 670 1725 te
690 1692 988 1739 prospectumst,
1010 1689 1113 1738 quod
1133 1689 1307 1738 uoluisti,

272 1756 399 1805 cogita
414 1769 421 1793 :

166 1820 320 1870 Nempe
339 1821 434 1857 anui
453 1821 513 1857 illi
532 1821 687 1870 prodita
705 1821 773 1858 abs
792 1825 833 1858 te
852 1821 972 1858 filiast
990 1821 1239 1871 planissume,

168 1886 244 1923 Per
262 1889 303 1923 te
322 1886 387 1923 uel
406 1886 468 1923 uti
492 1890 700 1936 quaestum
722 1887 868 1924 faceret
890 1887 955 1923 uel
974 1887 1036 1923 uti
1050 1887 1230 1924 uaeniret
1248 1900 1309 1937 pa·
1329 1902 1381 1932 640

273 1949 364 1988 lam.

169 2012 306 2060 Credo,
338 2014 381 2052 id
411 2015 619 2066 cogitasti:
649 2015 833 2066 ‘quiduis
861 2017 956 2054 satis
981 2020 1050 2064 est,
1077 2016 1172 2054 dum
1198 2016 1314 2054 uiuat

276 2079 416 2119 modo.'

171 2145 278 2190 Quid
298 2158 387 2182 cum
407 2146 487 2183 illis
506 2159 609 2196 agas,
626 2146 695 2196 qui
713 2159 840 2197 neque
860 2146 922 2185 ius
941 2160 1068 2197 neque
1087 2147 1236 2185 bonum
1261 2152 1317 2184 at-

279 2223 354 2259 que
374 2223 539 2261 aequom
557 2211 715 2250 sciunt?
