1492 2537
56 160 95 196 V
115 160 137 197 2
163 159 327 198 12—28.
384 159 459 196 HA
471 159 614 198 VTON
650 159 829 197 TJMOR
840 157 1067 197 VMENOS.
1198 159 1247 193 53

107 245 190 282 Vbi
214 245 307 295 quoi
335 245 466 282 decuit
491 245 626 294 primo,
657 245 731 282 tibi
760 258 838 282 non
866 244 982 282 licuit
1001 257 1071 294 per
1089 247 1128 281 te
1148 244 1247 281 mihi
1264 252 1312 283 επις

214 309 317 356 dare,

108 372 206 410 Abii
232 373 282 410 ad
309 385 531 422 proxumos,
562 373 635 409 tibi
664 373 732 422 qui
764 376 895 410 erant:
927 372 981 409 eis
1006 371 1179 410 commisi
1208 376 1248 408 et

216 439 374 485 credidi,

106 503 169 539 Ibi
188 508 279 540 tuae
298 503 491 540 stultitiae
511 516 663 552 semper
687 502 762 539 erit
781 502 1032 552 praesidium,
1055 501 1244 551 Clitipho,

107 567 259 613 Victus,
282 567 460 615 uestitus,
482 581 559 618 quo
578 568 620 603 in
640 572 789 604 tectum
811 571 850 604 te
870 573 1056 617 receptes.
1100 567 1165 604 On.
1199 567 1248 603 Ei

214 632 323 670 mihi.

56 697 126 734 Cn.
160 697 291 734 Satius
311 702 370 734 est
387 711 503 747 quam
522 702 562 735 te
581 699 665 748 ipso
684 699 825 736 herede
839 699 932 736 haec
944 700 1139 749 possidere
1154 700 1247 737 Bac—

213 759 379 798 chidem.

54 828 118 865 SY.
152 827 338 877 Disperii:
359 827 542 864 scelestus
557 831 723 876 quantas
738 828 874 864 turbas
889 828 1039 864 concini
1054 827 1221 864 insciens
1237 830 1243 864 ἔ
1264 844 1314 867 φτο

56 894 119 931 CL.
164 893 299 930 Emori
327 892 451 942 cupio.
507 893 580 930 On.
613 892 729 929 Prius
758 905 899 942 quaeso
925 892 1040 938 disce,
1067 892 1162 942 quid
1195 893 1246 928 sit

214 959 358 995 uiuere.

110 1022 191 1059 Vbi
209 1022 314 1069 scies,
337 1022 369 1059 si
388 1021 608 1071 displicebit
628 1022 722 1068 uita,
744 1026 830 1059 tum
849 1022 946 1059 istoc
965 1021 1100 1058 utitor.

56 1088 119 1125 ΒΥ.
171 1088 258 1134 Ere,
288 1087 449 1124 licetne?
498 1087 570 1123 CH.
606 1087 792 1136 Loquere.
843 1087 907 1123 ΞΥ.
941 1086 1001 1122 At
1025 1090 1125 1124 tuto.
1171 1085 1244 1123 CH.

218 1152 403 1201 Loquere.
455 1151 517 1188 SY.
552 1151 660 1196 Quae
679 1151 794 1188 istast
812 1151 988 1200 prauitas

110 1215 268 1260 Quaeue
283 1215 501 1261 amentiast‚
525 1215 625 1264 quod
647 1215 804 1264 peccaui
823 1227 903 1264 ego,
925 1215 965 1251 id
984 1216 1116 1252 obesse
1136 1216 1247 1253 huie?

217 1281 290 1318 CH.
323 1281 447 1318 Ilicet.
489 1316 500 1325 ‚

111 1346 173 1384 Ne
192 1351 231 1383 te
250 1346 434 1383 admisce:
456 1359 569 1382 nemo
589 1350 754 1392 accusat,
774 1346 880 1396 Syre,
904 1350 961 1383 te:
986 1358 1056 1383 nec
1076 1350 1120 1383 tu
1140 1358 1245 1383 aram
1265 1366 1314 1391 973

216 1409 292 1446 tibi

111 1474 194 1514 Nec
222 1478 460 1524 precatorem
488 1473 645 1524 pararis.
696 1473 761 1511 ΞΥ.
799 1474 904 1520 Quid
924 1474 1025 1525 agis?
1071 1474 1143 1513 CH.
1176 1474 1247 1512 Nil

215 1551 418 1576 suscenseo

111 1603 195 1640 Nec
224 1603 299 1640 tibi
326 1616 396 1641 nec
425 1603 516 1641 tibi:
545 1618 616 1641 nec
643 1617 714 1641 uos
741 1608 801 1641 est
829 1617 993 1654 aequom
1019 1604 1122 1654 quod
1150 1605 1248 1642 facio

215 1667 322 1705 mihi.

59 1733 122 1769 ΞΥ.
162 1732 296 1770 Abiitz
325 1732 412 1779 nah,
434 1746 587 1782 rogasse
606 1733 759 1772 uellem.
793 1733 858 1771 CL.
892 1733 1017 1779 Quidz
1047 1734 1110 1772 ΞΥ.
1143 1734 1249 1771 unde

215 1800 386 1844 peterem
405 1797 501 1833 mihi
522 1797 650 1834 cibum
668 1811 674 1834 :

110 1862 176 1900 Ita
203 1875 272 1899 nos
300 1862 498 1901 alienauit.
547 1863 621 1899 tibi
651 1862 729 1898 iam
759 1875 840 1900 esse
870 1862 918 1899 ad
941 1876 1109 1900 sororem
1138 1863 1250 1900 intel-

215 1927 310 1977 lego.

58 1992 122 2030 CL.
154 1991 295 2029 Adeon
310 2004 390 2028 rem
411 1991 578 2038 rediisse,
597 1995 642 2028 ut
657 1991 846 2041 periclum
866 1992 984 2030 etiam
996 2006 1019 2030 a
1033 1993 1135 2031 fame
1150 1993 1247 2030 mihi
1266 2001 1317 2032 <sto

217 2055 278 2102 sit,
302 2055 416 2103 Syre!

57 2120 120 2156 ΒΥ.
153 2119 272 2156 Modo
290 2119 406 2156 liceat
424 2119 570 2167 uiuere,
593 2124 650 2157 est
670 2132 767 2169 spes.
812 2119 877 2157 CL.
910 2119 1040 2166 Quae?
1081 2120 1146 2158 ΞΥ.
1177 2133 1248 2157 nos

215 2183 430 2220 esurituros
449 2184 556 2221 satis.

165 2257 192 2283 s.
209 2257 244 2284 T.
1116 2247 1137 2285 6
