1492 2537
188 594 389 650 METRA
429 609 615 652 HVIVS
656 610 931 652 FABVLAE
972 611 1136 655 HAEC
1177 612 1342 655 SVNT.

495 801 512 832 1
536 801 579 833 ad
602 801 665 834 174
687 801 825 834 iambici
849 802 975 834 senarii

447 855 507 887 175
532 858 565 887 et
589 857 651 889 177
674 856 839 888 trochaici
863 857 1031 889 octonarii

447 909 508 942 176
531 909 723 942 trochaicus
748 913 961 951 septenarius

446 965 508 997 178
532 953 726 996 trochaicus
750 965 894 996 dimeter
917 966 1136 997 catalecticus

447 1019 508 1050 179
531 1020 564 1049 et
589 1019 651 1049 180
674 1018 838 1050 trochaici
862 1019 1048 1059 septenarii

446 1073 506 1103 181
532 1072 575 1104 ad
598 1073 660 1103 241
683 1072 823 1104 iambici
846 1073 1013 1105 octonarii

445 1128 507 1158 242
532 1127 575 1158 ad
598 1128 661 1158 256
684 1127 850 1159 trochaici
874 1127 1059 1168 septenarii

446 1181 508 1212 257
532 1180 575 1212 ad
598 1181 662 1212 264
684 1181 823 1212 iambici
846 1183 1012 1215 octonarii

446 1236 508 1267 265
532 1235 575 1267 ad.
597 1237 660 1267 311
683 1236 822 1268 iambici
845 1237 973 1269 senarii

445 1290 507 1321 312
531 1289 724 1321 trochaicus
748 1292 963 1330 septenarius

445 1344 508 1374 313
531 1342 723 1374 trochaicus
747 1344 942 1375 octonarius

444 1397 507 1428 314
531 1397 575 1428 ad
596 1397 658 1428 339
681 1397 845 1428 trochaici
869 1397 1053 1437 septenarii

445 1451 508 1482 340
532 1450 574 1482 ad
597 1451 661 1482 380
684 1450 825 1482 iambici
848 1451 974 1483 senarii

445 1506 507 1537 381
531 1505 574 1536 ad
597 1507 659 1538 397
682 1506 850 1538 trochaici
873 1508 1061 1547 septenarii

446 1562 508 1593 398
532 1561 575 1593 ad
597 1561 661 1593 404
684 1561 824 1593 iambici
847 1564 1013 1594 octonarii

446 1617 510 1648 405
535 1616 578 1647 ad
601 1616 663 1648 561
686 1616 823 1648 iambici
846 1618 972 1649 senarii

445 1671 507 1703 562
532 1673 565 1702 et
589 1671 651 1703 563
674 1671 839 1703 trochaici
861 1673 1029 1704 octonarii

446 1726 509 1757 564
531 1726 726 1757 trochaicus
751 1727 965 1766 septenarius

445 1779 506 1811 565
531 1779 700 1811 iambicus
723 1781 920 1812 octonarius

445 1833 508 1865 566
531 1833 700 1865 iambicus
725 1834 965 1873 quaternarius
1482 1843 1492 1878 j

446 1888 508 1920 567
532 1887 576 1919 ad
599 1889 661 1920 569
685 1888 851 1921 trochaici
873 1890 1040 1922 octonarii
1476 1881 1492 2008 ³

379 801 423 1966 111111}11121111111111<

445 1943 519 1974 570.
544 1942 617 1976 571.
644 1943 705 1975 573
729 1943 894 1975 trochaici
918 1945 1104 1985 septenarii

380 2018 422 2021 —
445 1999 507 2031 572
531 2000 565 2029 et
589 1998 651 2031 574
674 1998 838 2030 trochaici
859 2000 1025 2031 octonarii
1479 2009 1492 2056 :l

380 2073 422 2076 ——
445 2053 507 2086 575
532 2052 576 2084 ad
599 2055 661 2086 578
684 2053 823 2085 iambici
846 2055 1014 2087 octonarii

378 2126 420 2129 —
443 2106 505 2139 579
529 2105 723 2137 trochaicus
747 2107 959 2146 septenarius

379 2182 420 2186 —
444 2163 507 2194 580
531 2161 574 2194 ad
597 2162 659 2194 582
684 2161 847 2194 trochaici
871 2162 1037 2195 octonarii
