1492 2537
141 171 211 209 III
235 173 252 210 1
273 171 441 210 22-47,
511 171 590 209 HA
604 171 751 210 VTON
777 171 960 210 TIMOR
971 171 1203 210 VMENOS.
1291 173 1341 208 25

143 259 225 297 ME.
258 259 374 296 Meus
399 236 567 308 gna'tusz
625 257 699 294 CH.
732 257 795 295 s10
822 261 892 296 est.
951 257 1034 295 ME.
1058 257 1208 296 veum
1265 258 1338 296 cn.

305 324 429 362 Certe.
487 323 570 360 ME.
603 322 733 360 Clinia

196 391 313 429 Meus
331 391 470 428 uenit?
527 391 599 429 CH.
632 390 741 430 Dixi.
799 390 884 428 ME.
915 391 1088 428 Eamus:
1117 391 1192 428 duc
1211 405 1273 429 me
1292 394 1342 429 ad

304 469 405 502 eum,
427 456 595 493 obsecro.

145 521 218 559 CH.
277 520 371 558 Non
392 520 478 558 uolt
496 524 536 557 te
556 521 652 558 scire
671 534 712 558 se
730 520 875 558 redisse
895 520 1025 567 etiam,
1047 525 1087 558 et
1106 525 1217 558 tuom

198 585 459 635 Conspectum
478 585 623 635 fugitat
639 599 646 622 :
675 589 834 635 propter
852 590 1056 635 peccatum
1076 586 1150 623 hoc
1170 586 1296 633 timet,

198 650 261 686 Ne
280 654 350 687 tua
368 650 515 687 duritia
534 650 699 699 antiqua
717 650 786 687 illa
805 651 924 693 etiam
943 651 1109 688 adaucta
1129 651 1191 688 sit.

144 714 226 751 ME.
266 714 360 750 Non
392 718 438 750 tu
468 714 504 751 ei
532 714 670 750 dixisti
696 718 743 750 ut
772 715 921 752 essem?
978 714 1052 753 CH,
1093 715 1199 751 Non.
1258 715 1339 751 ME.

306 779 436 824 Quam
455 780 599 826 obrem,
621 780 831 817 Chremes?

146 844 219 881 CH.
251 842 354 888 Quia
372 855 549 892 pessume
568 845 669 879 istuc
688 844 729 880 in
749 848 789 880 te
807 847 926 893 atque
948 843 990 880 in
1015 843 1128 881 illum
1150 844 1328 892 consulis,

199 907 242 944 Si
260 912 300 944 te
320 912 402 944 tam
421 907 501 944 leni
520 911 560 944 et
579 907 685 943 uicto
704 920 785 944 esse
804 907 936 944 am'mo
955 908 1179 946 ostenderis.

146 968 230 1006 ME.
259 969 353 1006 Non
385 983 566 1020 possum:
604 970 700 1007 satis
733 970 826 1017 iam,
855 971 951 1008 satis
980 974 1091 1020 pater
1120 971 1241 1008 durus
1274 971 1343 1008 fui.

307 1036 380 1075 CH.
411 1036 491 1083 Ah,

199 1100 373 1138 Vemens
392 1100 434 1137 111
452 1104 660 1150 utramque
679 1104 841 1150 partem,
865 1101 1108 1149 Menedeme,
1130 1115 1169 1139 es
1188 1102 1317 1146 nimis,
1361 1123 1414 1144 440

199 1168 288 1204 Aut
305 1166 487 1216 largitate
506 1165 628 1201 nimia
647 1170 717 1202 aut
735 1167 983 1215 parsimonia.

1359 677 1407 700 435

200 1231 252 1267 In
271 1230 433 1267 eandem
453 1231 631 1268 fraudem
650 1245 700 1269 ex
718 1231 790 1268 hac
809 1244 851 1268 re
871 1235 990 1280 atque
1009 1243 1057 1267 ex
1078 1230 1147 1267 illa
1166 1229 1322 1268 incides.

200 1295 378 1332 Primum
398 1295 493 1331 olim
512 1296 641 1345 potius
661 1309 780 1345 quam
800 1300 977 1345 paterere
996 1295 1124 1332 filium

200 1362 446 1399 Commetare
465 1361 514 1398 ad
533 1361 814 1408 mulierculam,
833 1373 934 1411 quae
954 1361 1114 1410 paululo

199 1427 300 1463 Tum
319 1430 404 1463 erat
422 1431 606 1463 contenta
627 1427 797 1477 quoique
818 1431 932 1463 erant
949 1430 1062 1476 grata
1081 1426 1223 1471 omnia,
1366 1445 1413 1467 445

201 1492 459 1529 Proterruisti
478 1492 578 1529 111110.
624 1506 668 1529 ea
687 1496 820 1529 coacta
838 1491 1020 1541 ingratiis

200 1557 368 1594 Postilla
386 1557 513 1606 coepit
534 1557 684 1594 uictum
703 1557 819 1607 uolgo
839 1570 1034 1606 quaerere.

201 1624 323 1661 Nunc
342 1636 460 1673 quom
480 1623 564 1660 sine
582 1636 723 1671 magno
743 1622 1037 1659 intertrimento
1056 1635 1136 1658 non
1155 1626 1285 1670 potest

202 1687 366 1733 Haberi⁷
387 1687 546 1736 quiduis
565 1687 657 1724 dare
677 1687 797 1736 cupis.
855 1699 947 1722 nam
967 1690 1013 1722 ut
1032 1690 1078 1723 tu
1098 1686 1206 1731 scias,

202 1753 331 1797 Quam
350 1765 395 1788 ea
414 1765 520 1789 1111110
539 1752 735 1788 instructa
754 1751 914 1800 pulchre
934 1752 983 1788 ad
1002 1751 1214 1801 perniciem
1234 1750 1319 1796 siet,
1367 1771 1419 1792 450

202 1817 382 1854 Primum
400 1817 479 1853 iam
499 1816 660 1853 ancillas
679 1829 809 1852 secum
829 1815 996 1852 adduxit
1016 1815 1104 1864 plus
1128 1815 1270 1862 decem,

202 1882 394 1919 Oneratas
413 1885 522 1918 ueste
542 1886 660 1931 atque
680 1894 776 1917 auro
793 1894 800 1917 :
829 1884 987 1929 satrapa
1006 1880 1039 1916 si
1059 1880 1133 1917 siet

201 1947 381 1992 Amator,
403 1959 620 1995 numquam
640 1946 801 1982 sufferre
821 1946 904 1982 eius
923 1949 1103 1994 sumptus
1123 1950 1241 1994 queat
1258 1959 1265 1982 :

203 2010 362 2048 Nedum
381 2013 427 2046 tu
453 2009 584 2059 possis.
643 2009 725 2046 ME.
759 2009 883 2046 Estne
912 2022 956 2046 ea
986 2009 1123 2047 1111311112Ζ
1182 2008 1255 2045 CH.
1288 2009 1350 2046 Sit

310 2088 421 2125 rogas
435 2076 448 2113 2

204 2139 340 2179 Sensi:
368 2153 460 2176 nam
481 2153 601 2177 unam
621 2139 658 2177 ei
677 2153 811 2177 cenam
831 2145 951 2189 atque
971 2140 1055 2177 eius
1075 2140 1285 2177 comitibus
1370 2158 1420 2180 455

205 2203 309 2241 Dedi
325 2217 332 2241 ε
361 2204 465 2253 quod
484 2205 518 2241 si
537 2204 681 2241 iterum
701 2205 799 2241 mihi
818 2205 870 2242 sit
890 2205 1029 2253 danda,
1051 2209 1183 2243 actum
1203 2205 1286 2242 siet.
